@book{Skills2010,
    title = {{( 1, 3) 6.1}},
    year = {2010},
    author = {Skills, Conference and Semester, Winter and Point, Power and Context, Video Presentation and Version, Watch},
    number = {2},
    pages = {19--28},
    isbn = {0534393217},
    doi = {10.1016/S0007-1536(73)80021-X}
}

@article{Forca,
    title = {{1}},
    author = {For{\c{c}}a, Eletrização},
    pages = {1--11},
    volume = {3}
}

@article{Fisica,
    title = {{1}},
    author = {F{\'{i}}sica, Introdução},
    pages = {5--6},
    volume = {1}
}

@article{Augusto1995,
    title = {{1 introdu{\c{c}}{\~{a}}o}},
    year = {1995},
    author = {Augusto, Carlos and Chernicharo, De Lemos and Haandel, Adrianus C Van},
    pages = {1--12}
}

@book{IanStewartb,
    title = {{17 Equa{\c{c}}ões que Mudaram o Mundo}},
    author = {{Ian Stewart}}
}

@article{Resumod,
    title = {{2}},
    author = {Resumo, Menu},
    pages = {1--7},
    volume = {2}
}

@book{Dewdney,
    title = {{20.000 L{\'{e}}guas Matem{\'{a}}ticas}},
    author = {Dewdney, A. K.}
}

@article{Ri,
    title = {{6}},
    author = {Ri, U U},
    pages = {4--9},
    volume = {3}
}

@article{Resumoo,
    title = {{6}},
    author = {Resumo, Menu},
    pages = {1--5},
    volume = {2}
}

@article{Resumow,
    title = {{7}},
    author = {Resumo, Menu},
    pages = {1--4},
    volume = {2}
}

@article{Resumof,
    title = {{8}},
    author = {Resumo, Menu},
    pages = {1--9},
    volume = {2}
}

@article{Resumobg,
    title = {{8}},
    author = {Resumo, Menu},
    pages = {1--6},
    volume = {3}
}

@article{Sidney2010,
    title = {{A aplica{\c{c}}{\~{a}}o da l{\'{o}}gica fuzzy para avalia{\c{c}}{\~{a}}o do produto canote do garfo}},
    year = {2010},
    author = {Sidney, Ruy and Ufpa, Santos},
    pages = {1--8}
}

@phdthesis{Indicador2006,
    title = {{A APLICA{\c{C}}{\~{A}}O DO INDICADOR DE SALUBRIDADE AMBIENTAL (ISA) NA DETERMINA{\c{C}}{\~{A}}O DA VULNERABILIDADE DOS RECURSOS H{\'{I}}DRICOS SUPERFICIAIS DA BACIA HIDROGR{\'{A}}FICA DO RIO CACHOEIRA – SUL DA BAHIA}},
    year = {2006},
    author = {BAHIA, JORGE AUGUSTO},
    school = {Universidade Estadual de Santa Cruz},
    address = {ILH{\'{E}}US}
}

@book{Nguyen2003,
    title = {{A First Course in}},
    year = {2003},
    author = {Nguyen, Hung T and Prasad, Nadipuram R and Walker, Carol L and Walker, Elbert A},
    isbn = {1584882441}
}

@book{Rovira,
    title = {{A f{\'{o}}rmula do amor}},
    author = {Rovira, Alex},
    isbn = {9789892317243}
}

@article{Ii,
    title = {{a matem{\'{a}}tica banco De questões conexões com a matem{\'{a}}tica}},
    author = {Ii, Somente and Iii, Somente}
}

@article{Iia,
    title = {{a matem{\'{a}}tica banco De questões conexões com a matem{\'{a}}tica}},
    author = {Ii, Somente and Iii, Somente}
}

@article{Ad,
    title = {{a matem{\'{a}}tica banco De questões conexões com a matem{\'{a}}tica}},
    author = {Ad, B A}
}

@article{Complexa,
    title = {{a matem{\'{a}}tica banco De questões conexões com a matem{\'{a}}tica}},
    author = {Complexa, Batalha},
    volume = {8}
}

@book{Colmez,
    title = {{A Matem{\'{a}}tica nos Tribunais}},
    author = {Colmez, Leila Schneps e Coralie}
}

@book{Livros,
    title = {{A medida do Mundo}},
    author = {Livros, Le}
}

@article{Pochai2011,
    title = {{A Numerical Treatment of Nondimensional Form of Water Quality Model in a Nonuniform Flow Stream Using Saulyev Scheme}},
    year = {2011},
    journal = {Mathematical Problems in Engineering},
    author = {Pochai, Nopparat},
    pages = {1--15},
    volume = {2011},
    url = {http://www.hindawi.com/journals/mpe/2011/491317/},
    doi = {10.1155/2011/491317},
    issn = {1024-123X}
}

@article{Chau2006,
    title = {{A review on the integration of artificial intelligence into coastal modeling.}},
    year = {2006},
    journal = {Journal of environmental management},
    author = {Chau, Kwokwing},
    number = {1},
    month = {7},
    pages = {47--57},
    volume = {80},
    url = {http://www.ncbi.nlm.nih.gov/pubmed/16337078},
    doi = {10.1016/j.jenvman.2005.08.012},
    issn = {0301-4797},
    pmid = {16337078},
    keywords = {Artificial Intelligence, Computing Methodologies, Decision Support Techniques, Equipment and Supplies, Expert Systems, Feedback, Humans, Models, Biological, Neural Networks (Computer)}
}

@unpublished{Carvalho,
    title = {{A UTILIZA{\c{C}}{\~{A}}O DE L{\'{O}}GICA FUZZY COMO FERRAMENTA AUXILIAR NA CLASSIFICA{\c{C}}{\~{A}}O DE OVINOS PARA O ABATE}},
    booktitle = {200.181.121.140},
    author = {Carvalho, Douglas Peixoto de and Ramos, Francisco Sebastião and Souza, Celson C. de and Neto, José Francisco dos Reis},
    url = {http://200.181.121.140/eventos/semana/arquivos/31_2011-08-30_09-38-48.pdf}
}

@article{Fernandesa,
    title = {{Abastecimento de {\'{A}}gua}},
    author = {Fernandes, Carlos and Filho, De Medeiros}
}

@article{Fuzzy,
    title = {{Abordagem Fuzzy em l'v1etapopula{\c{c}}{\~{a}}o de Moscas Varejeiras}},
    author = {Fuzzy, Abordagem}
}

@phdthesis{Magnago2005,
    title = {{Abordagem fuzzy em modelos populacionais discretos : metapopula{\c{c}}{\~{a}}o de moscas varejeiras}},
    year = {2005},
    author = {Magnago, Karine Faverzani},
    month = {2},
    publisher = {Biblioteca Digital da Unicamp},
    url = {http://www.bibliotecadigital.unicxamp.br/document/?code=vtls000349456&opt=4},
    keywords = {Conjuntos difusos, Constitutional and consumerists proving garantees, Fuzzy sets, Population, Popula{\c{c}}{\~{a}}o - Modelos matematicos, Teoria dos sistemas dinamicos, Theory of dynamic systems},
    language = {por}
}

@article{Hefez2002,
    title = {{Abramo Hefez 12 de novembro de 2002}},
    year = {2002},
    author = {Hefez, Abramo},
    volume = {II}
}

@book{ShaumsAdvancedCalculus,
    title = {{Advanced calculus (Shaums)}},
    year = {1976},
    booktitle = {Discrete Mathematics},
    author = {Wrede, Robert and Spiegel, Murray R.},
    number = {4},
    month = {1},
    pages = {404},
    volume = {3},
    publisher = {McGraw-Hill},
    url = {http://linkinghub.elsevier.com/retrieve/pii/0012365X72901124},
    doi = {10.1016/0012-365X(72)90112-4},
    issn = {0012365X}
}

@book{DavidBachman,
    title = {{Advanced Calculus - Demystified}},
    year = {2007},
    author = {{David Bachman}},
    isbn = {0071511091}
}

@book{Wrede2010,
    title = {{Advanced Calculus, Third Edition}},
    year = {2010},
    author = {Wrede, Robert and Spiegel, Murray R.},
    pages = {445},
    isbn = {9780071623674},
    keywords = {0071623663}
}

@phdthesis{CesarValmorMachadoLopesOdoneGinoZagoNetoVernoKrugerorganizador,
    title = {{{\'{A}}GUAS}},
    author = {Lopes, Cesar Valmor Machado and Neto, Odone Gino Zago and Kr{\"{u}}ger, Verno},
    school = {Universidade Federal do Rio Grande do Sul}
}

@phdthesis{FONSECA2008,
    title = {{AJUSTE DO MODELO QUAL2K E SIMULA{\c{C}}{\~{A}}O DE CEN{\'{A}}RIOS PARA O RIBEIR{\~{A}}O CLARO}},
    year = {2008},
    author = {FONSECA, WAGNER CLEYTON},
    school = {UNIVERSIDADE ESTADUAL PAULISTA},
    address = {Rio Claro – SP}
}

@article{Semestre2001,
    title = {{Algebra Linear}},
    year = {2001},
    author = {Semestre, Zani Segundo}
}

@article{Mat1980,
    title = {{Algebra Linear}},
    year = {1980},
    author = {Mat, Nor Azian Aini},
    pages = {80--85},
    isbn = {9780074504123},
    doi = {10.1016/B978-0-12-391420-0.09987-X}
}

@article{Malajovich2010,
    title = {{{\'{A}}lgebra Linear}},
    year = {2010},
    author = {Malajovich, Gregorio}
}

@article{De2010,
    title = {{{\'{A}}lgebra Linear}},
    year = {2010},
    author = {De, Mais},
    isbn = {9788540700413},
    doi = {10.1007/978-88-470-1887-7}
}

@book{Santos2002,
    title = {{ALGEBRA LINEAR E APLICAC ¸ OES}},
    year = {2002},
    author = {Santos, Reginaldo J},
    isbn = {8574700177}
}

@book{Santos2006d,
    title = {{ALGEBRA LINEAR E APLICAC ¸ OES}},
    year = {2006},
    author = {Santos, Reginaldo J},
    isbn = {8574700177}
}

@book{Santos2006c,
    title = {{ALGEBRA LINEAR E APLICAC ¸ OES}},
    year = {2006},
    author = {Santos, Reginaldo J},
    isbn = {8574700177}
}

@incollection{Pulino,
    title = {{{\'{A}}lgebra Linear e suas Aplica{\c{c}}ões - Notas de Aulas}},
    author = {Pulino, Petronio}
}

@misc{Boldrini,
    title = {{{\'{A}}lgebra Linear{\_}BOLDRINI.pdf}},
    author = {{Boldrini}}
}

@book{Santos2018,
    title = {{{\'{A}}lgerbra Linear e Aplica{\c{c}}ões}},
    year = {2018},
    author = {Santos, Reginaldo J.},
    isbn = {8574700177}
}

@article{Souza2008,
    title = {{Alguns coment{\'{a}}rios sobre a teoria Fuzzy}},
    year = {2008},
    journal = {Exacta},
    author = {Souza, Suzana Abreu De Oliveira},
    month = {2},
    pages = {139--148},
    volume = {1},
    url = {http://www4.uninove.br/ojs/index.php/exacta/article/view/527},
    doi = {10.5585/exacta.v1i0.527},
    issn = {1983-9308},
    keywords = {fuzzy logic, fuzzy sets, fuzzy theory}
}

@article{Article2012,
    title = {{ALICER{\c{C}}ADO NA L{\'{O}}GICA FUZZY EVALUATION OF WATER QUALITY : PROPOSAL FOR A NEW INDEX FOUNDED ON THE FUZZY LOGIC}},
    year = {2012},
    author = {Article, Original and Brasil, No},
    pages = {667--677}
}

@article{Do2003,
    title = {{Ambientes naturais da bacia hidrogr{\'{a}}fica do rio cachoeira (1)}},
    year = {2003},
    author = {Do, Hidrográfica and Cachoeira, R I O},
    number = {1},
    pages = {1--71}
}

@article{Handbookb,
    title = {{An Introduction to Computational Fluid Dynamics Chapter 20 in Fluid Flow Handbook By Nasser Ashgriz {\&} Javad Mostaghimi Department of Mechanical {\&} Industrial Eng . University of Toronto Toronto , Ontario}},
    author = {Handbook, Fluid Flow and Ashgriz, Nasser and Mostaghimi, Javad}
}

@book{Gurtin,
    title = {{An Introduction to Continuum Mechanics-Ejercicios Resueltons}},
    author = {Gurtin, M. E.}
}

@book{Marsden,
    title = {{An Introduction to Partial Differential Equations}},
    author = {Marsden, J E and Antman, S S and Iooss, G},
    isbn = {0387004440}
}

@article{Knapik,
    title = {{An{\'{a}}lise cr{\'{i}}tica da calibra{\c{c}}{\~{a}}o do modelo de qualidade de {\'{a}}gua qual2e – estudo de caso da bacia do Alto Igua{\c{c}}u}},
    author = {Knapik, Heloise Garcia and Fran{\c{c}}a, Marianne Schaefer and Masini, Letícia Santos and Cristina, Maria and Carvalho, Frisch and Ferreira, Monica},
    keywords = {fitting, qual2e, water quality}
}

@article{Robertoa,
    title = {{An{\'{a}}lise das Superf{\'{i}}cies Geradas pelo Sistema Baseado em Regras Fuzzy de Avalia{\c{c}}{\~{a}}o do Risco de Seguran{\c{c}}a do Tr{\^{a}}nsito em Rodovias em rela{\c{c}}{\~{a}}o {\`{a}}s Condi{\c{c}}ões e Fluxo da Rodovia , do Ambiente e da Velocidade do Autom{\'{o}}vel L{\'{o}}gica fuzzy}},
    author = {Roberto, Luís and Gabriel, Almeida and Sato, Karen Yumi and Peruzzi, Nelson José}
}

@book{Guedes,
    title = {{An{\'{a}}lise de Fourier e Equa{\c{c}}ões Diferenciais Parciais.pdf}},
    author = {Guedes, Djairo}
}

@article{Jadyr2011,
    title = {{An{\'{a}}lise de incerteza em um modelo matem{\'{a}}tico de qualidade da {\'{a}}gua aplicado ao Ribeir{\~{a}}o do Ouro , Araraquara , SP , Brasil . Uncertainty analysis in a water quality mathematical model applied to the Ribeir{\~{a}}o do Ouro , Araraquara , SP , Brazil}},
    year = {2011},
    author = {Jadyr, Daniel and Costa, Leite and Teixeira, Denilson and Ordem, Primeira},
    number = {12},
    doi = {10.4136/1980-993X}
}

@article{Junior2011,
    title = {{AN{\'{A}}LISE DO AMBIENTE PARA FRANGOS POR MEIO DA L{\'{O}}GICA FUZZY : UMA REVIS{\~{A}}O}},
    year = {2011},
    author = {Junior, Yanagi},
    pages = {11--12}
}

@article{Brasileira1998,
    title = {{AN{\'{A}}LISE DOS PADRÕES BRASILEIROS DE QUALIDADE DE CORPOS D ’ {\'{A}}GUA}},
    year = {1998},
    author = {Brasileira, Revista},
    number = {031},
    pages = {111--132},
    volume = {3},
    keywords = {das {\'{a}}guas, de controle da polui{\c{c}}{\~{a}}o}
}

@book{Fundamentais,
    title = {{An{\'{a}}lise Matem{\'{a}}tica I: Teoria e Exerc{\'{i}}cios}},
    author = {Louro, Bento and S{\'{a}}, Ana}
}

@article{Lima2004,
    title = {{An{\'{a}}lise Real}},
    year = {2004},
    author = {Lima, Elon Lages},
    volume = {2}
}

@article{Lanzillotti,
    title = {{AN{\'{A}}LISE SENSORIAL SOB O ENFOQUE DA DECIS{\~{A}}O FUZZY}},
    author = {Lanzillotti, Regina Serrão},
    number = {1},
    pages = {145--157},
    volume = {18}
}

@article{Book,
    title = {{Analysis and Design Witold Pedrycz and Fernando Gomide}},
    author = {Book, A Bradford}
}

@book{Stewart2012,
    title = {{Answers - C{\'{a}}lculo Vol 2}},
    year = {2012},
    booktitle = {Universo},
    author = {Stewart, James},
    number = {5},
    pages = {967},
    volume = {2},
    isbn = {85-216-1303-2},
    keywords = {Microbiologia}
}

@article{Ao2001,
    title = {{Aplica ¸ c ˜ ao da Teoria de Conjuntos Fuzzy a Problemas da Biomedicina}},
    year = {2001},
    author = {Ao, Universidade D E S and Regina, Neli and Ortega, Siqueira}
}

@article{Time2010,
    title = {{Aplica{\c{c}}{\~{a}}o da l{\'{o}}gica fuzzy {\`{a}} gest{\~{a}}o de estoques}},
    year = {2010},
    author = {Time, Lead and Wanke, Para},
    pages = {1--12}
}

@article{Lermontov2006,
    title = {{APLICA{\c{C}}{\~{A}}O DA L{\'{O}}GICA NEBULOSA NA PARAMETRIZA{\c{C}}{\~{A}}O DE UM NOVO {\'{I}}NDICE DE}},
    year = {2006},
    author = {Lermontov, André and Augusta, Maria and Machado, Soares},
    pages = {106--125},
    keywords = {{\_}{\_}{\_}{\_}{\_}{\_}{\_}{\_}{\_}{\_}{\_}{\_}{\_}{\_}{\_}{\_}{\_}{\_}{\_}{\_}{\_}{\_}{\_}{\_}{\_}, fuzzy logic, water quality index}
}

@phdthesis{Menegotto2011,
    title = {{Aplica{\c{c}}{\~{a}}o da teoria dos conjuntos fuzzy em modelos farmacocin{\'{e}}ticos multicompartimentais}},
    year = {2011},
    author = {Menegotto, Juliana},
    month = {6},
    publisher = {Biblioteca Digital da Unicamp},
    url = {http://www.bibliotecadigital.unicamp.br/document/?code=000798472&opt=4},
    keywords = {Conjuntos difusos, Constitutional and consumerists proving garantees, Equa{\c{c}}ões diferenciais ordin{\'{a}}rias, Farmacocin{\'{e}}tica - Modelos matem{\'{a}}ticos, Fuzzy sets, Fuzzy systems, Ordinary differential equations, Pharmacokinetic, Sistemas fuzzy},
    language = {por}
}

@inproceedings{Rezende,
    title = {{APLICA{\c{C}}{\~{A}}O DO MODELO MATEM{\'{A}}TICO DE QUALIDADE DA {\'{A}}GUA QUAL2E PARA O ESTUDO DO COMPORTAMENTO DOS NUTRIENTES NITROG{\^{E}}NIO E F{\'{O}}SFORO NO RIO MONJOLINHO, S{\~{A}}O CARLOS - SP.}},
    author = {Rezende, Gabriela Rahal De},
    pages = {1--16},
    publisher = {XIX Simp{\'{o}}sio Brasileiro de Recursos H{\'{i}}dricos}
}

@phdthesis{DaimioChavesBrito2008,
    title = {{APLICA{\c{C}}{\~{A}}O DO SISTEMA DE MODELAGEM DA QUALIDADE DA {\'{A}}GUA QUAL2Kw EM GRANDES RIOS: O CASO DO ALTO E M{\'{E}}DIO RIO ARAGUARI - AP}},
    year = {2008},
    author = {Brito, Daímio Chaves},
    school = {UNIVERSIDADE FEDERAL DO AMAP{\'{A}}},
    address = {Macap{\'{a}}-AP}
}

@article{Queijo,
    title = {{APLICANDO MODELOS DE REGRAS FUZZY E DE REGRESS{\~{A}}O LOG{\'{I}}STICA NA CLASSIFICA{\c{C}}{\~{A}}O DE OBESIDADE . Refer{\^{e}}ncias Bibliogr{\'{a}}ficas}},
    author = {Queijo, Diego Augusto and Dra, Profa and Vaz, Liciana and Silveira, De Arruda},
    pages = {8390--8391}
}

@misc{Gaspar2002,
    title = {{APONTAMENTOS DE MATLAB: Uma introdu{\c{c}}{\~{a}}o}},
    year = {2002},
    author = {Gaspar, Pedro Dinis and Santo, António Espírito}
}

@techreport{Conceitos,
    title = {{Apostila Calc Num{\'{e}}rico}}
}

@techreport{Santos2019,
    title = {{Apostila de limites e derivadas}},
    year = {2019},
    author = {Santos, Valdex},
    pages = {1--83}
}

@misc{Fernandes2010,
    title = {{Apostila de Matlab}},
    year = {2010},
    author = {Fernandes, Raphael and Costa, Sales},
    pages = {1--114}
}

@misc{JuniorDecioNascimento2009,
    title = {{Apostila de Matlab}},
    year = {2009},
    author = {Junior, Decio; Nascimento, Guilherme},
    pages = {1--93}
}

@book{NumBookChapra,
    title = {{Applied Numerical Methods with Matlab for Engineers and scientists}},
    year = {2012},
    author = {Chapra, Steven C.},
    edition = {3},
    publisher = {McGraw-Hill},
    address = {New York},
    isbn = {9780073401102}
}

@article{Ning2001,
    title = {{Assessing pollution prevention program by QUAL2E simulation analysis for the Kao-Ping River Basin, Taiwan.}},
    year = {2000},
    journal = {Journal of environmental management},
    author = {Ning, S K and Chang, Ni-Bin and Yang, L and Chen, H W and Hsu, H Y},
    number = {1},
    month = {1},
    pages = {61--76},
    volume = {60},
    url = {http://www.ncbi.nlm.nih.gov/pubmed/11381459},
    doi = {10.1006/jema.2000.0397},
    issn = {0301-4797},
    pmid = {11381459}
}

@article{Cunha-santino,
    title = {{Atividade enzim a tica , cin e tica e modelagem matem a tica da decomposi c {\'{O}} o de Utricularia breviscapa da lagoa do O leo ( Esta c {\'{O}} o Ecol o gica de Jata ı , Luiz Ant ˆ nio - SP )}},
    author = {Cunha-santino, Marcela Bianchessi}
}

@article{Pq1940,
    title = {{Atualmente o Banco da Vit{\'{o}}ria {\'{e}} um bairro do munic{\'{i}}pio de Ilh{\'{e}}us, localizado a 23 km de Itabuna.}},
    year = {1940},
    author = {Pq, Rio Cachoeira and Cachoeira, Rio and Apoim, Claudionor},
    pages = {1--5}
}

@article{Odulob,
    title = {{Aula 1 – Preliminares : Conjuntos e Fun ¸ c o ˜ es}},
    author = {Odulo, M},
    pages = {5--24}
}

@article{Odulo1932,
    title = {{Aula 2 – Os N ´ umeros Naturais e o Princ ´ ıpio da Indu ¸ c ˜ ao}},
    year = {1932},
    author = {Odulo, M},
    pages = {25--38}
}

@article{Oduloa,
    title = {{Aula 4 – Os N ´ umeros Reais I}},
    author = {Odulo, M},
    pages = {53--68}
}

@article{Odulo,
    title = {{Aula 5 – Os N ´ umeros Reais II}},
    author = {Odulo, M}
}

@misc{Os,
    title = {{Avalia{\c{c}}{\~{a}}o Ambiental Integrada de Bacia Hidrogr{\'{a}}fica}},
    year = {2006},
    author = {TUCCI, CARLOS E. M. and MENDES, CARLOS ANDRÉ},
    pages = {302},
    isbn = {8577380475}
}

@article{Santos2012,
    title = {{Avalia{\c{c}}{\~{a}}o da aplica{\c{c}}{\~{a}}o de cobran{\c{c}}a pelo uso da {\'{a}}gua na bacia hidrogr{\'{a}}fica do rio Cachoeira , sul da Bahia}},
    year = {2012},
    author = {Santos, Anderson Alves and Lima, Ronaldo and Calasans, Neylor A},
    pages = {5--18}
}

@article{Santos2012a,
    title = {{Avalia{\c{c}}{\~{a}}o da aplica{\c{c}}{\~{a}}o de cobran{\c{c}}a pelo uso da {\'{a}}gua na bacia hidrogr{\'{a}}fica do rio Cachoeira , sul da Bahia}},
    year = {2012},
    author = {Santos, Anderson Alves and Lima, Ronaldo and Calasans, Neylor A},
    pages = {5--18}
}

@phdthesis{Rodriguez,
    title = {{AVALIA{\c{C}}{\~{A}}O DA QUALIDADE DA {\'{A}}GUA DA BACIA DO ALTO JACAR{\'{E}}-GUA{\c{C}}U / SP ( RIBEIR{\~{A}}O DO FEIJ{\~{A}}O E RIO DO MONJOLINHO ) ATRAV{\'{E}}S DE VARI{\'{A}}VEIS F{\'{I}}SICAS , QU{\'{I}}MICAS E BIOL{\'{O}}GICAS}},
    year = {2001},
    author = {Rodr{\'{i}}guez, Marlon Peláez},
    school = {Universidade de S{\~{a}}o Paulo},
    address = {S{\~{a}}o Carlos}
}

@phdthesis{Arquitetura2009,
    title = {{AVALIA{\c{C}}{\~{A}}O DA QUALIDADE DA {\'{A}}GUA DO RIO ANDRADA ATRAV{\'{E}}S DO MODELO QUAL2K}},
    year = {2009},
    author = {SANTOS, VIVIANE ROCHA DOS},
    school = {UNIVERSIDADE DE PASSO FUNDO FACULDADE},
    address = {Passo Fundo}
}

@article{Arquitetura2009a,
    title = {{AVALIA{\c{C}}{\~{A}}O DA QUALIDADE DA {\'{A}}GUA DO RIO ANDRADA ATRAV{\'{E}}S DO MODELO QUAL2K AVALIA{\c{C}}{\~{A}}O DA QUALIDADE DA {\'{A}}GUA DO RIO ANDRADA ATRAV{\'{E}}S DO MODELO QUAL2K}},
    year = {2009},
    author = {Arquitetura, Faculdade D E Engenharia E and Ambiental, Curso D E Engenharia}
}

@article{sardinha2008,
    title = {{Avalia{\c{c}}{\~{a}}o da qualidade da {\'{a}}gua e autodepura{\c{c}}{\~{a}}o do ribeir{\~{a}}o do meio, Leme (SP)}},
    year = {2008},
    journal = {Eng. sanit. ambient.},
    author = {SARDINHA, DIEGO DE SOUZA and CONCEI{\c{C}}{\~{A}}O, FABIANO TOMAZINI DA and SOUZA, ANTONIO DONIZETTI GONÇALVES DE and SILVEIRA, ALEXANDRE and JULIO, MARCELO DE and GON{\c{C}}ALVES, JULIO CÉSAR DE SOUZA INÁCIO},
    number = {3},
    pages = {329--338},
    volume = {13}
}

@article{Pereira2013,
    title = {{Avalia{\c{c}}{\~{a}}o da qualidade da {\'{a}}gua superficial na {\'{a}}rea de influ{\^{e}}ncia de um lix{\~{a}}o Evaluation of the superficial water quality in the affected area of a waste dump}},
    year = {2013},
    author = {Pereira, Anne Relvas and Santos, Aldecy De Almeida},
    volume = {8},
    doi = {10.4136/1980-993X}
}

@phdthesis{Garcia2012,
    title = {{Avalia{\c{c}}{\~{a}}o da qualidade da {\'{a}}gua utilizando a teoria fuzzy}},
    year = {2012},
    author = {Garcia, H L and Silva, V L and Marques, L P and Garcia, C A B and Carvalho, F O},
    pages = {1--10},
    volume = {8},
    keywords = {eutrophication, fuzzy logic, water quality}
}

@phdthesis{PEREIRA2010,
    title = {{AVALIA{\c{C}}{\~{A}}O DA QUALIDADE DA {\'{A}}GUA: PROPOSTA DE NOVO {\'{I}}NDICE ALICER{\c{C}}ADO NA L{\'{O}}GICA FUZZY}},
    year = {2010},
    author = {PEREIRA, AÉCIO ALVES}
}

@phdthesis{BAUMLE2005,
    title = {{AVALIA{\c{C}}{\~{A}}O DE BENEF{\'{I}}CIOS ECON{\^{O}}MICOS DA DESPOLUI{\c{C}}{\~{A}}O H{\'{I}}DRICA: EFEITOS DE ERROS DE CALIBRA{\c{C}}{\~{A}}O DE MODELOS DE QUALIDADE DA {\'{A}}GUA}},
    year = {2005},
    author = {B{\"{A}}UMLE, ANA MARIA BEER},
    school = {Universidade Federal do Paran{\'{a}}},
    address = {CURITIBA}
}

@inproceedings{Quadro2012,
    title = {{AVALIA{\c{C}}{\~{A}}O DO {\'{I}}NDICE DE QUALIDADE DA {\'{A}}GUA NA LAGOA DOS PATOS JAQUELINE}},
    year = {2012},
    author = {ALMEIDA, JAQUELINE COLVARA DE and RODRIGUES, EVELINE ARAUJO and Quadro, Maurízio Silveira and Barcelos, Amauri and Andreazza, Robson},
    pages = {1--4}
}

@article{Schneider2009,
    title = {{AVALIA{\c{C}}{\~{A}}O DO PROCESSO DE AUTODEPURA{\c{C}}{\~{A}}O EM CURSO D ’ {\'{A}}GUA UTILIZANDO MODELO MATEM{\'{A}}TICO : estudo de caso do}},
    year = {2009},
    author = {Schneider, Roselene Maria and Regina, Célia and Tavares, Granhen},
    pages = {1--13}
}

@article{Ceretta2004,
    title = {{AVALIA{\c{C}}{\~{A}}O DOS ASPECTOS DA QUALIDADE DA {\'{A}}GUA NA SUB-BACIA HIDROGR{\'{A}}FICA DO ARROIO CADENA - MUNIC{\'{I}}PIO DE SANTA MARIA - RS}},
    year = {2004},
    author = {Ceretta, Maristela Coradini},
    pages = {154},
    institution = {UNIVERSIDADE FEDERAL DE SANTA MARIA},
    address = {Santa Maria, RS, Brasil}
}

@article{No2010,
    title = {{AVALIA{\c{C}}{\~{A}}O E IDENTIFICA{\c{C}}{\~{A}}O DE PAR{\^{A}}METROS IMPORTANTES PARA A QUALIDADE DE CORPOS D’{\'{A}}GUA NO SEMI{\'{A}}RIDO BAIANO. ESTUDO DE CASO: BACIA HIDROGR{\'{A}}FICA DO RIO SALITRE}},
    year = {2010},
    journal = {Quim. Nova},
    author = {Oliveira, Clélia Nobre de and Campos, Vânia P. and Medeiros, Yvonilde Dantas Pinto},
    number = {5},
    pages = {1059--1066},
    volume = {33},
    keywords = {metals in sediment, semi-arid region, water quality parameters}
}

@article{Natalina2008a,
    title = {{AVALIA{\c{C}}{\~{A}}O E MODELAGEM DA QUALIDADE DA {\'{A}}GUA DA BACIA DO RIO COXIP{\'{O}} , NO MUNIC{\'{I}}PIO DE CUIAB{\'{A}} - MT DA {\'{A}}GUA DA BACIA DO RIO COXIP{\'{O}} , NO}},
    year = {2008},
    author = {Natalina, Alexandra and Silvino, D E Oliveira}
}

@article{Natalina2008,
    title = {{AVALIA{\c{C}}{\~{A}}O E MODELAGEM DA QUALIDADE DA {\'{A}}GUA DA BACIA DO RIO COXIP{\'{O}} , NO MUNIC{\'{I}}PIO DE CUIAB{\'{A}} - MT DA {\'{A}}GUA DA BACIA DO RIO COXIP{\'{O}} , NO}},
    year = {2008},
    author = {Natalina, Alexandra and Silvino, D E Oliveira}
}

@article{Sardinha2012,
    title = {{Avalia{\c{c}}{\~{a}}o espa{\c{c}}o-temporal da qualidade da {\'{a}}gua e simula{\c{c}}{\~{a}}o de autodepura{\c{c}}{\~{a}}o na bacia hidrogr{\'{a}}fica do c{\'{o}}rrego S{\~{a}}o Sim{\~{a}}o , SP Water quality spatial and temporal evaluation and auto-purification simulation from the S{\~{a}}o Sim{\~{a}}o stream watershed , SP}},
    year = {2012},
    author = {Sardinha, Diego De Souza},
    number = {12},
    doi = {10.4136/1980-993X}
}

@article{Alves2012a,
    title = {{Avalia{\c{c}}{\~{a}}o espa{\c{c}}o-temporal dos par{\^{a}}metros de qualidade da {\'{a}}gua rio Santa Rita ( BA ) em fun{\c{c}}{\~{a}}o lan{\c{c}}amento de manipueira Spatial-temporal water quality parameters evaluation of the Santa Rita river ( BA ) with respect to the release of manipueira}},
    year = {2012},
    author = {Alves, Neylor and Rego, Calasans},
    number = {12},
    doi = {10.4136/1980-993X}
}

@article{Alves2012,
    title = {{Avalia{\c{c}}{\~{a}}o espa{\c{c}}o-temporal dos par{\^{a}}metros de qualidade da {\'{a}}gua rio Santa Rita ( BA ) em fun{\c{c}}{\~{a}}o lan{\c{c}}amento de manipueira Spatial-temporal water quality parameters evaluation of the Santa Rita river ( BA ) with respect to the release of manipueira}},
    year = {2012},
    author = {Alves, Neylor and Rego, Calasans},
    number = {12},
    doi = {10.4136/1980-993X}
}

@article{Cat2008,
    title = {{Avalia{\c{c}}{\~{a}}o Fuzzy de Trocas Sociais entre Agentes com Personalidades}},
    year = {2008},
    author = {Cat, Universidade and Pelotas, Lica D E and Polit, Centro and De, Cnico Programa and Inform, E M and Disserta, Santos and Co-orientador, Pereira Dimuro and Costa, Rocha}
}

@article{Mata2010,
    title = {{Avalia{\c{c}}{\~{a}}o Preliminar da Qualidade Microbiol{\'{o}}gica da {\'{A}}gua Consumida Pela}},
    year = {2010},
    author = {Mata, Comunidade De and Preto, Ouro and Cient{\'{i}}fica, Bolsista De Iniciação and Biotecnologia, Tecnologia and Sc, D and Egler, Silvia and Sc, M},
    pages = {1--7}
}

@article{Serrat,
    title = {{B A C I A S H I D R O G R {\'{A}} F I C A S}},
    author = {Serrat, Monte},
    number = {71}
}

@article{Serrata,
    title = {{B A C I A S H I D R O G R {\'{A}} F I C A S}},
    author = {Serrat, Monte},
    number = {71}
}

@article{Bollmann2000,
    title = {{Bases para a estrutura{\c{c}}{\~{a}}o de indicadores de qualidade de {\'{a}}guas}},
    year = {2000},
    journal = {RBRH - Revista Brasileira de Recursos H{\'{i}}dricos},
    author = {Bollmann, Harry Alberto and Marques, David da Motta},
    number = {1},
    pages = {37--60},
    volume = {5}
}

@book{Bassanezi,
    title = {{Bassanezi-Equa{\c{c}}ões Diferenciais com Aplica{\c{c}}ões}},
    year = {1988},
    author = {Bassanezi, Rodney C and Ferreira, Wilson Castro},
    publisher = {Harbra Unicamp}
}

@book{Schaums,
    title = {{Beginning Calculus}},
    author = {{Shaums S{\'{e}}ries}},
    isbn = {0071594531}
}

@phdthesis{LUCIO2010,
    title = {{Biogeoqu{\'{i}}mica do Rio Cachoeira (Bahia, Brasil)}},
    year = {2010},
    author = {LUCIO, Maria Zita Tabosa Pinheiro de Queiroz},
    school = {UESC}
}

@article{Neotrop2009,
    title = {{Biota Neotropica , Biota / Fapesp – O Instituto Virtual da Biodiversidade Editor Respons{\'{a}}vel Sidnei de Souza Editores Assistentes Editores de {\'{A}}rea Esta publica{\c{c}}{\~{a}}o foi financiada com recursos da Funda{\c{c}}{\~{a}}o de Amparo {\`{a}} Pesquisa do Estado de S{\~{a}}o Paulo / FAPESP}},
    year = {2009},
    author = {Neotrop, Biota and De, Descrição and Curtis, De Sycorax and Atl{\^{a}}ntica, Mata and Kitahara, Marcelo Visentini and Cetra, Mauricio and Ferreira, Fabio Cop and Carmass, Alberto Luciano and Joly, Carlos Alfredo and Unicamp, I B},
    number = {2},
    volume = {9}
}

@book{Rho,
    title = {{Business Calculus Demystified}},
    year = {2006},
    author = {{Rhonda Huettenmueller}},
    publisher = {The McGraw-Hill Companies},
    isbn = {0071483438}
}

@article{Mello2004,
    title = {{C {\'{e}}sar Malutta M {\'{E}}TODO DE APOIO {\`{A}} TOMADA DE DECIS {\~{A}}O SOBRE A ADEQUA{\c{C}}{\~{A}}O DE ATERROS SANIT {\'{A}}RIOS UTILIZANDO A L{\'{O}}GICA FUZZY Tese apresentada ao Programa de P {\'{o}}s -Gradua {\c{c}}{\~{a}}o em Engenharia de Produ {\c{c}}{\~{a}}o da Universidade Federal de Santa Catarina como requisito pa}},
    year = {2004},
    author = {Mello, Orientador Renato De}
}

@article{Moutinho,
    title = {{C ONTROLO E D ECIS{\~{A}}O I NTELIGENTE 08 / 09 PL {\#} 2 – MatLab Fuzzy Toolbox}},
    author = {Moutinho, Alexandra},
    pages = {1--9}
}

@article{Piedade2005,
    title = {{C), UR ({\%}), Tgn (}},
    year = {2005},
    author = {Piedade, Sonia M S},
    pages = {83--92},
    keywords = {fuzzy logic, swine production, thermal comfort}
}

@book{Stewart2013,
    title = {{C{\'{a}}lculo - Vol. 1 (James Stwart)}},
    year = {2013},
    booktitle = {Cengage},
    author = {Stewart, James},
    edition = {7},
    number = {APR04},
    pages = {243},
    volume = {I},
    address = {S{\~{a}}o Paulo},
    isbn = {9786074813180},
    doi = {10.1093/nq/CLX.apr04.243},
    issn = {00293970}
}

@book{Patrao,
    title = {{C{\'{a}}lculo 1}},
    author = {Patr{\~{a}}o, Mauro}
}

@techreport{Friedli2015,
    title = {{C{\'{a}}lculo 1}},
    year = {2015},
    author = {Friedli, S},
    institution = {“Quem faz uma pergunta boba fica com vergonha 5 segundos. Quem n{\~{a}}o per- gunta nada fica bobo para sempre...” Um faxineiro do ICEx, 2008 C{\'{a}}lculo}
}

@book{patraob,
    title = {{C{\'{a}}lculo 1 - Derivada e Integral em uma vari{\'{a}}vel}},
    year = {2011},
    author = {Patr{\~{a}}o, Mauro}
}

@book{Simmons2015,
    title = {{C{\'{a}}lculo com Gemoetria Anal{\'{i}}tica - Vol 1}},
    year = {2015},
    booktitle = {Biomass Chem Eng},
    author = {Simmons, George F.},
    number = {23–6},
    volume = {49},
    publisher = {McGraw-Hill}
}

@book{Simmons,
    title = {{C{\'{a}}lculo com Geometria Anal{\'{i}}tica - Vol. 1}},
    author = {Simmons, George F.}
}

@misc{PintoDiomaraMorgado2000,
    title = {{C{\'{a}}lculo Diferencial e Integral de Fun{\c{c}}ões de V{\'{a}}rias Vari{\'{a}}veis}},
    year = {2000},
    author = {Pinto, Diomara; Morgado, Maria Cândida Ferreira}
}

@book{Marsdenb,
    title = {{C{\'{a}}lculo I}},
    author = {Marsden, Jerrold and Weinstein, Alan},
    publisher = {Springer},
    isbn = {0387909745}
}

@techreport{Jeronimo1999,
    title = {{C{\'{a}}lculo I}},
    year = {1999},
    booktitle = {Wikilivros},
    author = {Jeronimo, João and Moura, Marcos A. Nunes},
    volume = {1},
    isbn = {8587906054}
}

@book{Gimenez2011,
    title = {{C{\'{a}}lculo I}},
    year = {2011},
    author = {Gimenez, Carmem S Comitre and {Rubens Starke}},
    isbn = {9788580300123}
}

@techreport{Salvador2012b,
    title = {{C{\'{a}}lculo I - Lista de Exerc{\'{i}}cios}},
    year = {2012},
    author = {Salvador, Jair}
}

@book{Marsdencalc2,
    title = {{C{\'{a}}lculo II}},
    year = {2000},
    author = {Marsden, Jarrold and Weinstein, Alan},
    publisher = {Springer},
    isbn = {0387909753}
}

@book{Marsdene,
    title = {{C{\'{a}}lculo III}},
    author = {Marsden, Jarrold and Weinstein, Alan},
    publisher = {Springer}
}

@techreport{Carvalhoa,
    title = {{C{\'{a}}lculo III}},
    author = {Carvalho, Alexandre N. and Nunes, Wagner V. L. and Zani, Sérgio L.}
}

@techreport{Castilho2001,
    title = {{C{\'{a}}lculo Num{\'{e}}rco}},
    year = {2001},
    author = {Castilho, José Eduardo}
}

@misc{Galvao,
    title = {{C{\'{a}}lculo Num{\'{e}}rico}},
    author = {Galv{\~{a}}o, Lauro César and Nunes, Fernando}
}

@techreport{Flaulles,
    title = {{C{\'{a}}lculo Num{\'{e}}rico com Matlab}},
    author = {Bergamashi, Flaulles B.}
}

@book{Lima,
    title = {{C{\'{a}}lculo Tensoria}},
    author = {Lima, Elon Lages},
    isbn = {9788524403132}
}

@book{Munem,
    title = {{C{\'{a}}lculo Vol 1}},
    author = {Munem, Mustafa A. and Foulis, David J.}
}

@book{Numem1982,
    title = {{C{\'{a}}lculo Vol 1}},
    year = {1982},
    author = {Numem, Mustafa a. and Foulis, David J.},
    pages = {676}
}

@book{StwartVol17ed,
    title = {{C{\'{a}}lculo Vol 1}},
    year = {2013},
    booktitle = {Trilha},
    author = {Stewart, James},
    edition = {7},
    volume = {I},
    publisher = {Cengage},
    address = {S{\~{a}}o Paulo},
    isbn = {9780538498876},
    doi = {10.1093/nq/clx.apr04.243h},
    issn = {0029-3970}
}

@book{Stewartd,
    title = {{Calculo Vol 1 (6 Ed)}},
    author = {Stewart, James},
    edition = {6}
}

@book{Stewart2012a,
    title = {{Calculo Vol 2 (5 ed) - .pdf}},
    year = {2012},
    booktitle = {Universo},
    author = {Stewart, James},
    number = {3},
    pages = {967},
    volume = {9},
    isbn = {85-216-1303-2},
    keywords = {Microbiologia}
}

@book{Stewartcalc22007,
    title = {{C{\'{a}}lculo Vol 2 (James Stwart)}},
    year = {2007},
    author = {Stewart, James},
    edition = {5},
    publisher = {Thomson Learning},
    address = {S{\~{a}}o Paulo}
}

@misc{Stewartb,
    title = {{C{\'{a}}lculo Vol. 2 - Respostas (James Stwart)}},
    author = {Stewart, James}
}

@misc{Vilches,
    title = {{C{\'{a}}lculo Volume I}},
    author = {Vilches, Maurício A. and Corr{\^{e}}a, Maria L.}
}

@misc{Vilchesa,
    title = {{C{\'{a}}lculo Volume II}},
    author = {Vilches, Maurício A. and Corr{\^{e}}a, Maria L.}
}

@book{Growell,
    title = {{Calculus}},
    author = {Growell, Benjamim}
}

@book{SmithCalculus,
    title = {{Calculus}},
    year = {2008},
    author = {Smith, Robert T. and {Roland B. Minton}},
    edition = {3},
    publisher = {McGraw-Hill},
    address = {New York},
    isbn = {9788578110796},
    doi = {10.1017/CBO9781107415324.004},
    issn = {1098-6596},
    pmid = {25246403},
    arxivId = {arXiv:1011.1669v3},
    keywords = {icle}
}

@book{JonCalculus,
    title = {{Calculus}},
    year = {2012},
    author = {Rogawski, Jon},
    edition = {2},
    address = {Los Angeles},
    isbn = {9781429263740}
}

@book{StevenG,
    title = {{Calculus Demystified}},
    author = {{Steven G. Krantz}},
    isbn = {0071412115}
}

@book{Apostol,
    title = {{Calculus: On Variable Calculus, with an Introduction to Linear Algebra}},
    author = {Apostol, Tom M.},
    edition = {2},
    volume = {1}
}

@book{StewartSiagleVariable,
    title = {{C{\'{a}}lculus: Single Variable}},
    year = {2010},
    booktitle = {Cengage},
    author = {Stewart, James},
    edition = {7},
    number = {9},
    publisher = {Cengage},
    address = {New York, USA},
    keywords = {icle}
}

@article{Essay1849,
    title = {{Cap ´ ˆ DIN AMICA DE UMA ESP ECIE}},
    year = {1849},
    author = {Essay, An and Improvement, Future and Malthus, Thomas Robert and Verhulst, Pierre F}
}

@article{Def,
    title = {{Cap{\'{i}}tulo Sistema de for{\c{c}}as aplicadas a um ponto material .}},
    author = {De, F N and N, F and F, F Ϫ and F, F R},
    pages = {1--5},
    volume = {1}
}

@article{Dec,
    title = {{Cap{\'{i}}tulo Sistema de for{\c{c}}as aplicadas a um ponto material .}},
    author = {De, F N and N, F and F, F Ϫ and F, F R},
    pages = {1--5},
    volume = {1}
}

@article{De2008,
    title = {{CARACTERIZA{\c{C}}{\~{A}}O DA ASSEMBL{\'{E}}IA DE PEIXES NO RIBEIR{\~{A}}O LIMOEIRO , BACIA DO RIO CACHOEIRA - BA CARACTERIZA{\c{C}}{\~{A}}O DA ASSEMBL{\'{E}}IA DE PEIXES NO RIBEIR{\~{A}}O LIMOEIRO , BACIA DO RIO CACHOEIRA - BA}},
    year = {2008},
    author = {De, Programa and Aqu, E M Sistemas and Tropicais, Ticos and Concentra, R E A D E and Em, Rcia and Trindade, L I A D E Jesus}
}

@article{Cetraa,
    title = {{Caracteriza{\c{c}}{\~{a}}o das assembl{\'{e}}ias de peixes de riachos de cabeceira no per{\'{i}}odo chuvoso na bacia do rio Cachoeira ( SE da Bahia , NE do Brasil ) Introdu{\c{c}}{\~{a}}o Material e M{\'{e}}todos}},
    author = {Cetra, Mauricio and Ferreira, Fabio Cop and Carmassi, Alberto Luciano and Vista, Bairro Bela and Claro, Rio},
    number = {2},
    volume = {9},
    keywords = {cabruca, diversity, dominant species, ichthyofauna, rare species, spatial distribution}
}

@article{Cetrab,
    title = {{Caracteriza{\c{c}}{\~{a}}o das assembl{\'{e}}ias de peixes de riachos de cabeceira no per{\'{i}}odo chuvoso na bacia do rio Cachoeira ( SE da Bahia , NE do Brasil ) Introdu{\c{c}}{\~{a}}o Material e M{\'{e}}todos}},
    author = {Cetra, Mauricio and Ferreira, Fabio Cop and Carmassi, Alberto Luciano and Vista, Bairro Bela and Claro, Rio},
    number = {2},
    volume = {9},
    keywords = {cabruca, diversity, dominant species, ichthyofauna, rare species, spatial distribution}
}

@article{Estado,
    title = {{Centro de educa{\c{c}}{\~{a}}o superior a dist{\^{a}}ncia do estado do rio de janeiro}},
    author = {Estado, D O and Rio, D O},
    pages = {1--11}
}

@article{Euler,
    title = {{Chapter Eight}},
    author = {Euler, The}
}

@article{Ode,
    title = {{Chapter Eleven}},
    author = {Ode, The},
    pages = {720--765}
}

@book{1392b,
    title = {{Complex Variables Demystified}},
    year = {1392},
    booktitle = {شرکت ملی پخش فرآرده‎های نفتی انرژی‎زا},
    author = {{David McMahon}},
    isbn = {0071549218}
}

@article{Ourives2011,
    title = {{Composition and spatial distribution of the benthic macrofauna in the Cachoeira River}},
    year = {2011},
    author = {Ourives, Thailla M and Rizzo, Alexandra E and Boehs, Guisla},
    pages = {17--25},
    volume = {46},
    keywords = {- we analyzed the, 613, Bentos, ecolog{\'{i}}a, noreste de Brasil, Benthos, ecol, abstract, bahia, bentos, brazil, cachoeira river estuary, composition and spatial distribution, ecolog{\'{i}}a, followed by, from july 2008 to, ilh{\'{e}}us, in total, individuals belonging to 71, may 2009 at six, molluscs showed the highest, noreste de brasil, of macrobenthos in the, richness and abundance, samples were taken bimonthly, stations along the estuary, taxa were collected}
}

@book{Anderson1995,
    title = {{Computational Fluid Dynamics}},
    year = {1995},
    author = {Anderson, John},
    pages = {574},
    publisher = {McGraw-Hill Science/Engineering/Math},
    url = {http://www.amazon.com/Computational-Fluid-Dynamics-John-Anderson/dp/0070016852},
    isbn = {0070016852}
}

@article{Gomide1988,
    title = {{CONCEITOS FUNDAMENTAIS DA TEORIA DE CONJUNTOS FUZZY , L{\'{O}}GICA FUZZY E APLICA{\c{C}}ÕES}},
    year = {1988},
    author = {Gomide, Fernando A C and Gudwin, Ricardo R and Tanscheit, Ricardo}
}

@article{Muito,
    title = {{conexões com a matem{\'{a}}tica}},
    author = {Muito, Brinque}
}

@article{Barroso2010a,
    title = {{Conexões com a matem{\'{a}}tica.}},
    year = {2010},
    author = {Barroso, J.M.},
    pages = {1--3}
}

@article{Barroso2010,
    title = {{Conexões com a matem{\'{a}}tica.}},
    year = {2010},
    author = {Barroso, J.M.},
    pages = {1--3}
}

@article{Gomes2005,
    title = {{Conserva{\c{c}}{\~{a}}o da biodiversidade em {\'{a}}guas continentais do Brasil}},
    year = {2005},
    author = {Gomes, Luiz C},
    volume = {1}
}

@article{For2001,
    title = {{CONTRIBUTION FOR Eichhornia crassipes IMPACT MIGRATION IN THE SOUTH COAST OF BAHIA COASTAL ZONE}},
    year = {2001},
    author = {For, Contribution and Migration, Impact and The, I N and Coast, South and Bahia, O F and Zone, Coastal and Fidelman, Pedro I J},
    pages = {1--5}
}

@article{For2001a,
    title = {{CONTRIBUTION FOR Eichhornia crassipes IMPACT MIGRATION IN THE SOUTH COAST OF BAHIA COASTAL ZONE}},
    year = {2001},
    author = {For, Contribution and Migration, Impact and The, I N and Coast, South and Bahia, O F and Zone, Coastal and Fidelman, Pedro I J},
    pages = {1--5}
}

@article{Santos2009b,
    title = {{Crescimento Log{\'{i}}stico da Popula{\c{c}}{\~{a}}o do Brasil}},
    year = {2009},
    author = {Santos, Reginaldo J},
    pages = {1--6}
}

@article{Almeida2006,
    title = {{Crust{\'{a}}ceos dec{\'{a}}podos estuarinos de Ilh{\'{e}}us , Bahia , Brasil}},
    year = {2006},
    author = {Almeida, Alexandre Oliveira De and Ferraz, Neyva Ribeiro},
    pages = {1--24},
    volume = {6},
    keywords = {bahia, crustaceans, diversity, estuaries, geographic distribution}
}

@misc{ANA-BRASILa,
    title = {{Cuidando das {\'{A}}guas: Solu{\c{c}}ões para melhorar a qualidade dos recursos h{\'{i}}dricos}},
    author = {ANA-BRASIL, Agência Nacional de Águas},
    pages = {154},
    address = {Bras{\'{i}}lia}
}

@article{Maria2005b,
    title = {{Curitiba 2005}},
    year = {2005},
    author = {Maria, A N A and B{\"{a}}umle, Beer}
}

@book{CursoMatlabEng,
    title = {{Curso de matla 5.1: Introdu{\c{c}}{\~{a}}o {\`{a}} Solu{\c{c}}{\~{a}}o de Problemas de Engenharia}},
    author = {Laborat, Engenharia and El, Engenharia and Prodenge, Programa and Universidade, Sub-programa Reenge},
    edition = {2}
}

@article{Dee,
    title = {{D ERIVADA DE F UN{\c{C}}ÕES R EAIS}},
    author = {De, Erivada and De, Eais}
}

@article{Energia2003,
    title = {{D ESENVOLVIMENTO DE UM SISTEMA}},
    year = {2003},
    author = {Energia, D E},
    number = {1},
    volume = {2}
}

@article{Beatriz2001,
    title = {{DA QUALIDADE DA {\'{A}}GUA NA BACIA DO RIO CUIAB{\'{A}}}},
    year = {2001},
    author = {Beatriz, Eliana and Rondon, Nunes}
}

@article{RobertoAlmeidaGabrielFilho2009,
    title = {{Determina{\c{c}}{\~{a}}o Das Fun{\c{c}}ões De Pertin{\^{e}}ncia Dos {\'{I}}ndices Da Qualidade Da {\'{A}}gua E De Subst{\^{a}}ncias T{\'{o}}xicas E Organol{\'{e}}pticas}},
    year = {2009},
    journal = {Colloquium Exactarum},
    author = {Roberto Almeida Gabriel Filho, Luís and Pires Cremasco, Camila and Roberto Almeida Gabriel, Luiz and de Aguir Romanini, Polyana and Eduardo Ferreira Gabriel, José and Rigo Almeida Gabriel, Leonardo},
    number = {01},
    month = {8},
    pages = {46--55},
    volume = {01},
    url = {http://revistas.unoeste.br/revistas/ojs/index.php/ce/article/viewFile/309/895},
    doi = {10.5747/ce.2009.v01.n1.e005},
    issn = {21788332},
    keywords = {1, 10, 2009, 46-55, 5747, ce, colloquium exactarum, dez 2009, doi, e005, fuzzy logic, index of water quality, jul, mathematical modeling, n, n1, p, presidente prudente, v, v01}
}

@article{Abdullah2008,
    title = {{Development of New Water Quality Model Using Fuzzy Logic System for Malaysia}},
    year = {2008},
    author = {Abdullah, Pauzi and Waseem, Sadia and V, Raman Bai},
    pages = {101--106},
    keywords = {environmental monitoring, fuzzy inference system, non-regulated contaminants, water management, water quality determinant, water quality index}
}

@phdthesis{Paula2011,
    title = {{DIAGN{\'{O}}STICO E MODELAGEM MATEM{\'{A}}TICA DA QUALIDADE DA {\'{A}}GUA EM TRECHO DO RIO PIABANHA/RJ}},
    year = {2011},
    author = {Paula, Thiago Pires de},
    school = {UNIVERSIDADE FEDERAL DO RIO DE JANEIRO},
    address = {RIO DE JANEIRO, RJ – BRASIL}
}

@book{PaulB,
    title = {{Diferential Equations}},
    author = {Blanchard, Paul and Devaney, Robert L. and Hall, Glen R.}
}

@book{StevenG.Kr,
    title = {{Differential Equations-Demystified}},
    author = {{Steven G. Krantz}},
    isbn = {0071471162}
}

@article{Rafikov,
    title = {{Din{\^{a}}mica e Controle de Regimes Ca{\'{o}}ticos do Sistema}},
    author = {Rafikov, Marat and Weber, Angela Beatriz},
    pages = {1--4},
    keywords = {a, as fun{\c{c}}ões do controle, ca{\'{o}}ticos, encontradas com base na, equa{\c{c}}{\~{a}}o de hamilton-, incluindo os sistemas, jacobi-bellman da programa{\c{c}}{\~{a}}o din{\^{a}}mica, n{\~{a}}o-lineares, {\'{o}}timo foram}
}

@book{Blanchard,
    title = {{Dinerential Equations}},
    author = {Blanchard, Paul and Devaney, Roberl L. and Hall, Glen R.}
}

@phdthesis{Polett2009,
    title = {{Dispers{\~{a}}o de poluente em sistema de reservatorio : modelagem matematica e simula{\c{c}}{\~{a}}o computacional utilizando-se aproxima{\c{c}}{\~{a}}o numerica e conjuntos fuzzy}},
    year = {2009},
    author = {Polett, Elaine Cristina Catapani},
    month = {6},
    publisher = {Biblioteca Digital da Unicamp},
    url = {http://www.bibliotecadigital.unicamp.br/document/?code=000447216&fd=y},
    school = {Unicamp},
    keywords = {Conjuntos difusos, Constitutional and consumerists proving garantees, Diffusion, Difus{\~{a}}o, Finite element method, Fuzzy sets, Mathematical modelling, Metodos de elementos finitos, Modelos matematicos, Pollutants, Poluentes},
    language = {por}
}

@article{Poletti2009,
    title = {{Dispers{\~{a}}o de Poluentes em Sistema de Reservat{\'{o}}rio: Modelagem Matem{\'{a}}tica via L{\'{o}}gica Fuzzy e Aproxima{\c{c}}{\~{a}}o Num{\'{e}}rica}},
    year = {2009},
    author = {Poletti, E C C and Meyer, J F C A},
    pages = {57--68},
    volume = {19},
    url = {http://www.ime.unicamp.br/~biomat/bio19_art5.pdf},
    institution = {UNICAMP}
}

@article{Kleis,
    title = {{Domin{\'{o}}s Fechando o domin{\'{o}}}},
    author = {Kleis, Alexandre},
    pages = {142--176}
}

@article{Sc2001,
    title = {{E s t r u t u r a s A l g {\'{e}} b r i c a s}},
    year = {2001},
    author = {Sc, Prof M and Lu{\'{i}}s, Guilherme and Vaccaro, Roëhe}
}

@book{Prudente2012,
    title = {{Editores Cassio Machiaveli Oishi}},
    year = {2012},
    author = {Prudente, Presidente},
    volume = {17},
    isbn = {9788586883620}
}

@book{Rafaeli2012c,
    title = {{Editores Cassio Machiaveli Oishi}},
    year = {2012},
    author = {Rafaeli, Fernando Rodrigo},
    volume = {17},
    isbn = {00028282},
    doi = {10.1126/science.151.3712.867-a},
    issn = {0036-8075},
    pmid = {5275830},
    arxivId = {arXiv:1011.1669v3}
}

@incollection{Santos2011,
    title = {{EDP: Equa{\c{c}}ões Diferenciais Parciais: Uma Introdu{\c{c}}{\~{a}}o}},
    year = {2011},
    author = {Santos, Reginaldo J.}
}

@book{Seabra,
    title = {{Educa{\c{c}}{\~{a}}o ambiental : Responsabilidade para a conserva{\c{c}}{\~{a}}o da sociobiodiversidade}},
    author = {Seabra, Giovanni},
    isbn = {9788577459384}
}

@incollection{Santos2011a,
    title = {{EEqua{\c{c}}ões Diferenciais Parciais: Uma introdu{\c{c}}{\~{a}}o}},
    year = {2011},
    author = {Santos, Reginaldo J.}
}

@article{Souza2009,
    title = {{Efeitos do c{\'{a}}dmio na anatomia e na fotoss{\'{i}}ntese de duas macr{\'{o}}fitas aqu{\'{a}}ticas}},
    year = {2009},
    author = {Souza, Vânia Lima and Silva, Costa and Santana, Kaline Benevides and Mielke, Marcelo Schramm and Almeida, Alex-alan Furtado De and Antonio, Pedro and Mangabeira, Oliveira and Rocha, Antônio},
    number = {2},
    pages = {343--354},
    volume = {23},
    keywords = {alternanthera philoxeroides, chlorophyll fluorescence, heavy metal, leaf gas exchange, phytoremediation, polygonum}
}

@article{Souza2009a,
    title = {{Efeitos do c{\'{a}}dmio na anatomia e na fotoss{\'{i}}ntese de duas macr{\'{o}}fitas aqu{\'{a}}ticas}},
    year = {2009},
    author = {Souza, Vânia Lima and Silva, Costa and Santana, Kaline Benevides and Mielke, Marcelo Schramm and Almeida, Alex-alan Furtado De and Antonio, Pedro and Mangabeira, Oliveira and Rocha, Antônio},
    number = {2},
    pages = {343--354},
    volume = {23},
    keywords = {alternanthera philoxeroides, chlorophyll fluorescence, heavy metal, leaf gas exchange, phytoremediation, polygonum}
}

@book{Bassalo,
    title = {{Elementos de Fisica Matematica - Vol 1}},
    author = {Bassalo, José M. Filardo and Cattani, Mário Sérgio Dorsa}
}

@book{Bassaloa,
    title = {{Elementos de F{\'{i}}sica Matem{\'{a}}tica - Vol 2}},
    author = {Bassalo, José M. Filardo and Cattani, Mário Sérgio Dorsa}
}

@book{IanStewarta,
    title = {{Em busca do infinito}},
    author = {{Ian Stewart}}
}

@article{Jensen2011a,
    title = {{Enfermagem e l{\'{o}}gica}},
    year = {2011},
    author = {Jensen, Rodrigo and Helena, Maria and Moraes, Baena De},
    number = {1},
    pages = {1--8},
    volume = {19}
}

@article{Ganoulis1994,
    title = {{Engineering Risk Analysis of Water Pollution}},
    year = {1994},
    journal = {Book},
    author = {Ganoulis, Jacques G},
    pages = {320},
    isbn = {3527300503},
    doi = {10.1017/CBO9781107415324.004},
    issn = {1098-6596},
    pmid = {25246403},
    arxivId = {arXiv:1011.1669v3}
}

@misc{Boycea,
    title = {{Eqõua{\c{c}}es Diferenciais Elementares e Problemas de Valores de Contorno}},
    author = {Boyce, William E. and Diprima, Richard}
}

@book{ribeiro2017,
    title = {{Equa{\c{c}}ões Diferenciais}},
    year = {2017},
    author = {Yartey, Joseph N. A. and Ribeiro, Simone S.},
    pages = {5103--5107},
    publisher = {UFBA, Instituto de Matem{\'{a}}tica e Estat{\'{i}}stica},
    address = {Salvador},
    isbn = {9788292143}
}

@book{ZiillDennisG.,
    title = {{Equa{\c{c}}ões Diferenciais com Aplica{\c{c}}ões em Modelagem}},
    author = {{Ziill Dennis G.}},
    isbn = {8522103143}
}

@book{Dennis2011,
    title = {{Equa{\c{c}}ões Diferenciais com aplica{\c{c}}ões em modelagem}},
    year = {2011},
    booktitle = {Thomson, S{\{}{\~{a}}{\}}o Paulo, 2a. edi{\{}{\c{c}}{\}}{\{}{\~{a}}{\}}o},
    author = {Dennis, G Zill},
    isbn = {8522103143}
}

@book{Den,
    title = {{Equa{\c{c}}ões Diferenciais com Aplica{\c{c}}ões em Modelagem}},
    author = {Zill, Dennis G.},
    edition = {10}
}

@incollection{Santos2003,
    title = {{Equa{\c{c}}ões Diferenciais de 1a. Ordem}},
    year = {2003},
    author = {Santos, Reginaldo J.}
}

@book{Boyce,
    title = {{Equacoes Diferenciais elementares e problemas de valores de contorno}},
    author = {{Boyce} and {Diprima}},
    edition = {8{\textordfeminine} Edi{\c{c}}{\~{a}}o-}
}

@book{Wilii,
    title = {{Equa{\c{c}}ões Diferenciais Elementares e Problemas de Valores de Contorno}},
    author = {Boyce, William E. and Diprima, Richard C.},
    edition = {10},
    publisher = {LTC},
    isbn = {9780470458310}
}

@incollection{Sodre2003,
    title = {{Equa{\c{c}}ões Diferenciais Ordin{\'{a}}rias}},
    year = {2003},
    author = {Sodr{\'{e}}, Prof Ulysses}
}

@article{Nacional2016a,
    title = {{Equa{\c{c}}ões Diferenciais Parciais - Uma introdu{\c{c}}{\~{a}}o}},
    year = {2016},
    author = {Santos, Reginaldo J.},
    pages = {2015--2016},
    isbn = {8574700185},
    keywords = {1, 1 m{\'{e}}todo de gauss-jordan, 2, 2 matrizes equivalentes por, 3 sistemas lineares homog{\^{e}}neos, de equa{\c{c}}ões lineares, linhas}
}

@misc{DennisG.ZilleMichaelR.Cullen,
    title = {{Equa{\c{c}}ões Diferenciais Vol. 1}},
    author = {Zill, Dennis G. and Cullen, Michael R.}
}

@book{EnnisennisG.ZilleMichaelR.CullenG.ZilleMichaelR.Cullen,
    title = {{Equa{\c{c}}ões Diferenciais Vol. 2}},
    author = {Zill, Dennis G. and Cullen, Michael R.},
    edition = {2},
    publisher = {Person}
}

@incollection{Santos2003a,
    title = {{Equa{\c{c}}õoes Diferenciais Lineares de 2a. Ordem}},
    year = {2003},
    author = {Santos, Reginaldo J.}
}

@article{As,
    title = {{Equa¸oes Diferenciais de 1a ordem}},
    author = {As, I}
}

@article{Estacao,
    title = {{Escherichia coli .}},
    author = {Esta{\c{c}}{\~{a}}o, N A and Esgoto, D E Tratamento D E and Bahia, D E Ilhéus},
    pages = {127--136}
}

@article{Real,
    title = {{Espa{\c{c}}o vetorial real de dimens{\~{a}}o finita}},
    author = {Real, Vetorial and Neutro, Elemento and Sim, Elemento},
    pages = {41--61}
}

@article{Reala,
    title = {{Espa{\c{c}}o vetorial real de dimens{\~{a}}o finita}},
    author = {Real, Vetorial and Neutro, Elemento and Sim, Elemento},
    pages = {41--57}
}

@phdthesis{Fleck,
    title = {{Especificidades e import{\^{a}}ncia de modelos matem{\'{a}}ticos de qualidade da {\'{a}}gua Specificities and importance of mathematical models of water quality}},
    author = {Fleck, Leandro and Eyng, Eduardo and Tavares, Maria Hermínia Ferreira},
    pages = {106--119},
    keywords = {mathematical modeling, public management, water resources}
}

@phdthesis{Santos,
    title = {{Estrategias para controle de pragas : sistemas p-fuzzy com controle hibrido}},
    author = {Santos, Luiz Rafael dos},
    publisher = {Biblioteca Digital da Unicamp},
    url = {http://www.bibliotecadigital.unicamp.br/document/?code=000434021&opt=4},
    school = {UNICAMP},
    language = {por}
}

@inproceedings{Guedes2005,
    title = {{ESTUDO DA CAPACIDADE DE AUTODEPURA{\c{C}}{\~{A}}O DO RIO POMBA UTILIZANDO O MODELO QUAL2KW}},
    year = {2005},
    booktitle = {XVIII Simp{\'{o}}sio Brasileiro de Recursos H{\'{i}}dricos},
    author = {Guedes, Hugo Alexandre Soares and Silva, Demetrius David da and Oliveira, Iara de Castro e and Ribeiro, Celso Bandeira de Melo and Elesbon, Abrahão Alexandre Alden},
    number = {4},
    pages = {1--20}
}

@article{Fundo1999,
    title = {{ESTUDO DA DIN{\^{A}}MICA POPULACIONAL USANDO OS MODELOS DE MALTHUS E VERHULST : UMA APLICA{\c{C}}{\~{A}}O}},
    year = {1999},
    author = {Fundo, À População D E Passo and Muhl, Vera Jussara L},
    pages = {137--143}
}

@phdthesis{PINHO2001,
    title = {{ESTUDO DA QUALIDADE DAS {\'{A}}GUAS DO RIO CACHOEIRA-REGI{\~{A}}O SUL DA BAHIA}},
    year = {2001},
    author = {PINHO, ACÁCIA GOMES},
    school = {UESC}
}

@article{Cartao-resposta,
    title = {{Exame nacional do ensino m{\'{e}}dio}},
    author = {Cart{\~{a}}o-resposta, Marque-a E M S E U},
    pages = {0--31}
}

@misc{LIA,
    title = {{Exemplos B{\'{a}}sicos de programa{\c{c}}{\~{a}}o em matlab}},
    author = {LIA, JOSÉ DONIZETTI DE}
}

@article{Resumoa,
    title = {{Exerc{\'{i}}cios propostos}},
    author = {Resumo, Menu},
    pages = {1--10},
    volume = {2}
}

@article{Resumos,
    title = {{Exerc{\'{i}}cios propostos}},
    author = {Resumo, Menu},
    pages = {1--11},
    volume = {2}
}

@article{Dea,
    title = {{Exerc{\'{i}}cios propostos}},
    author = {De, Interferência},
    pages = {4--11},
    volume = {2}
}

@article{Resumol,
    title = {{Exerc{\'{i}}cios propostos}},
    author = {Resumo, Menu},
    pages = {1--10},
    volume = {2}
}

@article{Resumobf,
    title = {{Exerc{\'{i}}cios propostos}},
    author = {Resumo, Menu},
    pages = {1--16},
    volume = {2}
}

@article{Geometrica,
    title = {{Exerc{\'{i}}cios propostos}},
    author = {Geom{\'{e}}trica, Óptica},
    pages = {214--216},
    volume = {2}
}

@article{Resumot,
    title = {{Exerc{\'{i}}cios propostos}},
    author = {Resumo, Menu},
    pages = {1--8},
    volume = {2}
}

@article{Resumog,
    title = {{Exerc{\'{i}}cios propostos}},
    author = {Resumo, Menu},
    pages = {1--8},
    volume = {2}
}

@article{Resumoh,
    title = {{Exerc{\'{i}}cios propostos}},
    author = {Resumo, Menu},
    pages = {1--12},
    volume = {2}
}

@article{Resumop,
    title = {{Exerc{\'{i}}cios propostos}},
    author = {Resumo, Menu},
    pages = {1--14},
    volume = {2}
}

@article{Resumob,
    title = {{Exerc{\'{i}}cios propostos}},
    author = {Resumo, Menu},
    pages = {1--7},
    volume = {3}
}

@article{Resumox,
    title = {{Exerc{\'{i}}cios propostos}},
    author = {Resumo, Menu},
    pages = {1--8},
    volume = {3}
}

@article{Resumoq,
    title = {{Exerc{\'{i}}cios propostos}},
    author = {Resumo, Menu},
    pages = {1--9},
    volume = {3}
}

@article{Resumou,
    title = {{Exerc{\'{i}}cios propostos}},
    author = {Resumo, Menu},
    pages = {1--13},
    volume = {3}
}

@article{Ed,
    title = {{Exerc{\'{i}}cios propostos}},
    author = {Ed, De U},
    pages = {1--15},
    volume = {3}
}

@article{Resumoy,
    title = {{Exerc{\'{i}}cios propostos}},
    author = {Resumo, Menu},
    pages = {3--4},
    volume = {3}
}

@article{Comentado2010f,
    title = {{Exerc{\'{i}}cios Propostos}},
    year = {2010},
    author = {Comentado, S N C and Financeira, Contabilidade and Aplica, Sua},
    pages = {1--8},
    volume = {3},
    isbn = {978-1-4673-7278-7},
    doi = {10.1109/BigDataCongress.2015.94}
}

@article{Comentado2010c,
    title = {{Exerc{\'{i}}cios Propostos}},
    year = {2010},
    author = {Comentado, S N C and Financeira, Contabilidade and Aplica, Sua},
    pages = {1--8},
    volume = {3},
    isbn = {978-1-4673-7278-7},
    doi = {10.1109/BigDataCongress.2015.94}
}

@article{Condutores,
    title = {{Exerc{\'{i}}cios propostos}},
    author = {Condutores, Capítulo},
    pages = {1--7},
    volume = {3}
}

@article{Resumobd,
    title = {{Exerc{\'{i}}cios propostos}},
    author = {Resumo, Menu},
    pages = {1--12},
    volume = {3}
}

@article{Resumobc,
    title = {{Exerc{\'{i}}cios propostos}},
    author = {Resumo, Menu},
    pages = {3--5},
    volume = {3}
}

@article{Comentado2010g,
    title = {{Exerc{\'{i}}cios Propostos}},
    year = {2010},
    author = {Comentado, S N C and Financeira, Contabilidade and Aplica, Sua},
    pages = {1--8},
    volume = {3},
    isbn = {978-1-4673-7278-7},
    doi = {10.1109/BigDataCongress.2015.94}
}

@article{Resumoj,
    title = {{Exerc{\'{i}}cios propostos}},
    author = {Resumo, Menu},
    pages = {1--4},
    volume = {3}
}

@article{Comentado2010,
    title = {{Exerc{\'{i}}cios Propostos}},
    year = {2010},
    author = {Comentado, S N C and Financeira, Contabilidade and Aplica, Sua},
    pages = {1--8},
    volume = {3},
    isbn = {978-1-4673-7278-7},
    doi = {10.1109/BigDataCongress.2015.94}
}

@article{Circulares,
    title = {{Exerc{\'{i}}cios propostos}},
    author = {Circulares, Movimentos},
    pages = {1--9},
    volume = {1}
}

@article{Resumoba,
    title = {{Exerc{\'{i}}cios propostos}},
    author = {Resumo, Menu},
    pages = {1--11},
    volume = {1}
}

@article{Resumom,
    title = {{Exerc{\'{i}}cios propostos}},
    author = {Resumo, Menu},
    pages = {1--5},
    volume = {1}
}

@article{Ded,
    title = {{Exerc{\'{i}}cios propostos}},
    author = {De, Forças},
    pages = {1--10},
    volume = {1}
}

@article{Resumor,
    title = {{Exerc{\'{i}}cios propostos}},
    author = {Resumo, Menu},
    pages = {1--15},
    volume = {1}
}

@article{Comentado2010e,
    title = {{Exerc{\'{i}}cios Propostos}},
    year = {2010},
    author = {Comentado, S N C and Financeira, Contabilidade and Aplica, Sua},
    pages = {1--8},
    volume = {1},
    isbn = {978-1-4673-7278-7},
    doi = {10.1109/BigDataCongress.2015.94}
}

@article{Resumov,
    title = {{Exerc{\'{i}}cios propostos}},
    author = {Resumo, Menu},
    pages = {1--6},
    volume = {1}
}

@article{Resumon,
    title = {{Exerc{\'{i}}cios propostos}},
    author = {Resumo, Menu},
    pages = {2--9},
    volume = {1}
}

@article{Comentado2010b,
    title = {{Exerc{\'{i}}cios Propostos}},
    year = {2010},
    author = {Comentado, S N C and Financeira, Contabilidade and Aplica, Sua},
    number = {m},
    pages = {1--8},
    volume = {1},
    isbn = {978-1-4673-7278-7},
    doi = {10.1109/BigDataCongress.2015.94}
}

@article{Graficos,
    title = {{Exerc{\'{i}}cios propostos}},
    author = {Gr{\'{a}}ficos, Capítulo},
    pages = {1--10},
    volume = {1}
}

@article{Resumobe,
    title = {{Exerc{\'{i}}cios propostos}},
    author = {Resumo, Menu},
    pages = {1--8},
    volume = {1}
}

@article{Resumok,
    title = {{Exerc{\'{i}}cios propostos}},
    author = {Resumo, Menu},
    pages = {1--20},
    volume = {1}
}

@article{Resumo,
    title = {{Exerc{\'{i}}cios propostos}},
    author = {Resumo, Menu},
    pages = {1--8},
    volume = {1}
}

@article{Resumobb,
    title = {{Exerc{\'{i}}cios propostos}},
    author = {Resumo, Menu},
    pages = {5--7},
    volume = {1}
}

@article{Comentado2010d,
    title = {{Exerc{\'{i}}cios Propostos}},
    year = {2010},
    author = {Comentado, S N C and Financeira, Contabilidade and Aplica, Sua},
    pages = {1--8},
    volume = {1},
    isbn = {978-1-4673-7278-7},
    doi = {10.1109/BigDataCongress.2015.94}
}

@article{Comentado2010a,
    title = {{Exerc{\'{i}}cios Propostos}},
    year = {2010},
    author = {Comentado, S N C and Financeira, Contabilidade and Aplica, Sua},
    pages = {1--8},
    volume = {2},
    isbn = {978-1-4673-7278-7},
    doi = {10.1109/BigDataCongress.2015.94}
}

@article{Resumoc,
    title = {{Exerc{\'{i}}cios propostos}},
    author = {Resumo, Menu},
    number = {1},
    pages = {1--8},
    volume = {2}
}

@article{Santos2010,
    title = {{Exist{\^{e}}ncia e Unicidade de Solu{\c{c}}ões de Equa{\c{c}}ões Diferenciais Ordin{\'{a}}rias}},
    year = {2010},
    author = {Santos, Reginaldo J},
    keywords = {Equa{\textbackslash}347{\textbackslash}365es Diferenciais,Exist{\textbackslash}352ncia e Unicid}
}

@phdthesis{Barbosa,
    title = {{Ferramenta de Desenvolvimento e de Aplica{\c{c}}{\~{a}}o de L{\'{o}}gica Fuzzy Ferramenta de Desenvolvimento e de Aplica{\c{c}}{\~{a}}o de L{\'{o}}gica Fuzzy}},
    author = {Barbosa, Daniele de Alcântara},
    school = {ESCOLA FEDERAL DE ENGENHARIA DE ITAJUB{\'{A}} PARA}
}

@book{Hampel,
    title = {{First Course on Fuzzy Theory and Applications Advances in Soft Computing}},
    author = {Hampel, Rainer and Wagenknecht, Michael},
    isbn = {3790813273}
}

@book{resfme1,
    title = {{FME-VOL 1 (Resolu{\c{c}}{\~{a}}o)}},
    year = {2006},
    author = {Iezzi, Gelson and Murakami, Carlos},
    edition = {7},
    volume = {1},
    publisher = {Atual Editora},
    address = {S{\~{a}}o Paulo}
}

@book{Scarlet2013,
    title = {{FME-VOL 1- RESOLU{\c{C}}{\~{A}}O}},
    year = {2013},
    booktitle = {Journal of Chemical Information and Modeling},
    author = {Iezzi, Gelson},
    number = {9},
    pages = {1689--1699},
    volume = {53},
    isbn = {9788578110796},
    doi = {10.1017/CBO9781107415324.004},
    issn = {1098-6596},
    pmid = {25246403},
    arxivId = {arXiv:1011.1669v3},
    keywords = {icle}
}

@book{Iezzi9,
    title = {{FME-VOL 9(Resolu{\c{c}}{\~{a}}o)}},
    author = {Dolce, Osvaldo and Pompeo, Jose Nicolau},
    publisher = {Atual Editora}
}

@article{Esgoto,
    title = {{FONTES, Isabela Barreto de Mendon{\c{c}}a}},
    author = {Esgoto, Tratamento D E and Bahia, D E Ilhéus},
    pages = {33--44}
}

@article{Esgotoa,
    title = {{FONTES, Isabela Barreto de Mendon{\c{c}}a}},
    author = {Esgoto, Tratamento D E and Bahia, D E Ilhéus},
    pages = {33--44}
}

@book{DANTE,
    title = {{Formula{\c{c}}{\~{a}}o e resolu{\c{c}}{\~{a}}o de problemas de matem{\'{a}}tica: teoria e pr{\'{a}}tica}},
    author = {DANTE, L. R.},
    isbn = {9788508149001}
}

@book{Kasabov1997,
    title = {{Foundations of neural networks, fuzzy systems, and knowledge engineering}},
    year = {1997},
    booktitle = {Computers {\&} Mathematics with Applications},
    author = {Kasabov, Nikola K},
    number = {7},
    pages = {136},
    volume = {33},
    url = {http://linkinghub.elsevier.com/retrieve/pii/S0898122197846007},
    isbn = {0262112124},
    doi = {10.1016/S0898-1221(97)84600-7},
    issn = {08981221},
    pmid = {1618009},
    keywords = {ISBN: 0262112124}
}

@book{1392a,
    title = {{Fourier and Laplace Transforms}},
    year = {1392},
    booktitle = {شرکت ملی پخش فرآرده‎های نفتی انرژی‎زا},
    author = {{R. J. Beerends}},
    isbn = {9780521806893}
}

@article{Cidade2013,
    title = {{FREDERICO VAN ERVEN CABALA OLIVEIRA O que viu o rio}},
    year = {2013},
    author = {Cidade, Cachoeira E A and Ba, D E Itabuna},
    pages = {1--34}
}

@misc{Ramalho,
    title = {{Fundamentos da Fisica - Vol. 1}},
    author = {{Ramalho} and {Nicolau} and {Toledo}},
    doi = {10.1080/15567036.2011.606456},
    issn = {15567230}
}

@techreport{alves2002,
    title = {{Fundamentos de An{\'{a}}lise Num{\'{e}}rica (I)}},
    year = {2002},
    author = {Alves, Carlos J. S.},
    number = {I}
}

@article{TeoriaDeGrafos2012,
    title = {{Fundamentos de matem{\'{a}}tica}},
    year = {2012},
    author = {Teoria De Grafos, Introdução À and Mello, Renato},
    url = {http://umrenato.xpg.uol.com.br/Disciplinas/FMT/20121/arquivos/FMT_notasdeaula_grafos.pdf},
    isbn = {9789978310311}
}

@book{Iezzi1977a,
    title = {{Fundamentos de Matem{\'{a}}tica Elementar - Vol. 01 - Conjuntos Funcoes}},
    year = {1977},
    author = {Iezzi, Gelson and Murakami, Carlos},
    edition = {3}
}

@book{IezziCombProb,
    title = {{Fundamentos de Matematica Elementar : Combinatoria e Probabilidade}},
    year = {1977},
    author = {Iezzi, Gelson and Hazzan, Samuel},
    edition = {3},
    volume = {5},
    publisher = {Atual Editora}
}

@book{IezziCompPolEqAlg,
    title = {{Fundamentos de Matem{\'{a}}tica Elementar: Complexos, Polin{\^{o}}mios e Equa{\c{c}}ões}},
    year = {1991},
    author = {Iezzi, Gelson},
    edition = {2},
    pages = {01--233},
    volume = {6},
    publisher = {Atual Editora}
}

@book{IezziConjFunc,
    title = {{Fundamentos de Matem{\'{a}}tica Elementar: Conjuntos e Fun{\c{c}}ões}},
    year = {2016},
    author = {Iezzi, Gelson and Murakami, Carlos},
    edition = {7},
    volume = {1},
    publisher = {Atual Editora},
    address = {S{\~{a}}o Paulo}
}

@book{IezziGeomAnal,
    title = {{Fundamentos de Matem{\'{a}}tica Elementar: Geometria Anal{\'{i}}tica}},
    year = {1977},
    author = {Iezzi, Gelson},
    volume = {7},
    publisher = {Atual Editora},
    address = {S{\~{a}}o Paulo}
}

@book{IezziGeomEsp,
    title = {{Fundamentos de Matem{\'{a}}tica Elementar: Geometria Espacial}},
    year = {1993},
    author = {Dolce, Osvaldo and Pompeo, José Nicolau Jose Nicolau},
    edition = {7},
    publisher = {Atual Editora}
}

@book{IezziLimDerInt,
    title = {{Fundamentos de Matem{\'{a}}tica Elementar: Limites, Derivadas e Nocões de Integral}},
    year = {1977},
    author = {Iezzi, Gelson and Murakami, Carlos and Machado, Nilson José},
    edition = {3},
    volume = {8},
    publisher = {Atual Editora},
    address = {S{\~{a}}o Paulo}
}

@book{IezziLog,
    title = {{Fundamentos de Matem{\'{a}}tica Elementar: Logaritmos}},
    year = {1977},
    author = {{Gelson Iszzi}},
    edition = {3},
    volume = {2},
    publisher = {Atual Editora}
}

@book{IezziMatFin,
    title = {{Fundamentos de Matem{\'{a}}tica Elementar: Matem{\'{a}}tica Comercial, Matem{\'{a}}tica Financeira, Estat{\'{i}}stica Descritiva}},
    year = {1977},
    author = {Iezzi, Gelson and Hazzan, Samuel and {David Degenszajn}},
    volume = {11},
    publisher = {Atual Editora}
}

@book{IezziMatSistLin,
    title = {{Fundamentos de Matem{\'{a}}tica Elementar: Matrizes e Sistemas Lineares}},
    year = {1977},
    author = {Iezzi, Gelson and Hazzan, Samuel},
    edition = {2},
    volume = {4},
    publisher = {Atual Editora}
}

@book{IezziTrig,
    title = {{Fundamentos de Matem{\'{a}}tica Elementar: Trigonometria}},
    year = {1977},
    author = {Iezzi, Gelson},
    edition = {3},
    volume = {3},
    publisher = {Atual Editora},
    address = {S{\~{a}}o Paulo}
}

@article{Gersting1995,
    title = {{Fundamentos Matem{\'{a}}ticos para a Ci{\^{e}}ncia da Computa{\c{c}}{\~{a}}o}},
    year = {1995},
    author = {Gersting, Judith L},
    pages = {538},
    isbn = {071676864X}
}

@article{Pereira,
    title = {{FUZZY}},
    author = {Pereira, Aécio Alves}
}

@article{Milenova1997,
    title = {{Fuzzy and neural approaches in engineering}},
    year = {1997},
    journal = {Neural Networks},
    author = {Milenova, Boriana},
    pages = {1740--1741},
    volume = {10},
    isbn = {0471160032},
    doi = {10.1016/S0893-6080(97)00079-8},
    issn = {08936080},
    pmid = {20431179}
}

@article{Srivastava2013,
    title = {{Fuzzy Environmental Model for Evaluating Water Quality of Sangam Zone during Maha Kumbh 2013}},
    year = {2013},
    journal = {Applied Computational Intelligence and Soft Computing},
    author = {Srivastava, Pankaj and Burande, Anjali and Sharma, Neeraja},
    pages = {1--7},
    volume = {2013},
    url = {http://www.hindawi.com/journals/acisc/2013/265924/},
    doi = {10.1155/2013/265924},
    issn = {1687-9724}
}

@article{Fernando2002,
    title = {{Fuzzy linguistic model for evaluating the risk of neonatal death Modelo ling{\"{u}}{\'{i}}stico fuzzy para estima{\c{c}}{\~{a}}o do risco de morte neonatal}},
    year = {2002},
    author = {Fernando, Luiz and Nascimento, C and Regina, Neli and Ortega, S},
    number = {6},
    pages = {686--692},
    volume = {36},
    keywords = {birth, fuzzy logic, gestational age, neonatal, neonatal mortality, public health, risk factors, weight}
}

@article{Functions,
    title = {{Fuzzy Logic Examples using Matlab}},
    author = {Functions, Membership}
}

@article{Jang,
    title = {{Fuzzy Logic Toolbox}},
    author = {Jang, J Roger}
}

@book{Ross,
    title = {{Fuzzy Logic with Engineering Aplications}},
    author = {Ross, Timothy J.},
    isbn = {047086074X}
}

@article{Bardossy,
    title = {{Fuzzy Rule-Based Modeling with Applications to Geophysical , Biological and Engineering Systems}},
    author = {Bardossy, Andras and Duckstein, Lucien and Raton, Boca}
}

@article{Zimmermann2010,
    title = {{Fuzzy set theory}},
    year = {2010},
    journal = {Wiley Interdisciplinary Reviews: Computational Statistics},
    author = {Zimmermann, H.-J.},
    number = {3},
    month = {5},
    pages = {317--332},
    volume = {2},
    url = {http://doi.wiley.com/10.1002/wics.82},
    doi = {10.1002/wics.82},
    issn = {19395108}
}

@article{Prade,
    title = {{Fuzzy sets: history and basic notions}},
    author = {Prade, Henri}
}

@article{Geometria2005,
    title = {{G e o m e t r i a}},
    year = {2005},
    author = {Geometria, La and Sferica, Geometria and Matematica, La Geometria and Matematica, La Geometria},
    pages = {1--3},
    isbn = {8483015110}
}

@book{Santos2006b,
    title = {{GEOMETRIA ANAL ´ ITICA E ALGEBRA LINEAR}},
    year = {2006},
    author = {Santos, Reginaldo J},
    isbn = {8574700061}
}

@book{Santos2002a,
    title = {{GEOMETRIA ANAL ´ ITICA E ALGEBRA LINEAR}},
    year = {2002},
    author = {Santos, Reginaldo J},
    isbn = {8574700061}
}

@book{Santos2000,
    title = {{Geometria Anal ´ Itica E Algebra Linear Parte Ii}},
    year = {2000},
    author = {Santos, Reginaldo J},
    isbn = {8574700061}
}

@article{Nery2005,
    title = {{GEOMETRIA ANAL ´ ITICA ˆ C ONICAS}},
    year = {2005},
    author = {Nery, Janice and N, Liana Costi and Rodr, Luisa and Fernanda, Maria and Menezes, Recena}
}

@book{Pesco,
    title = {{Geometria B{\'{a}}sica}},
    author = {Pesco, Dirce Uesu and Geraldo, Roberto and Arnaut, Tavares},
    volume = {2},
    isbn = {9788576486596}
}

@book{Morgado,
    title = {{Geometria Vol. II(Geometria{\_}Plana)}},
    author = {{Morgado}}
}

@misc{TheMendeleySupportTeam2011a,
    title = {{Getting Started with Mendeley}},
    year = {2011},
    booktitle = {Mendeley Desktop},
    author = {{The Mendeley Support Team}},
    pages = {1--16},
    publisher = {Mendeley Ltd.},
    url = {http://www.mendeley.com},
    address = {London},
    keywords = {Mendeley, how-to, user manual}
}

@article{Nascimento2011,
    title = {{GRADUA{\c{C}}{\~{A}}O E ESTUDOS EM RECURSOS NATURAIS MONITORAMENTO , AN{\'{A}}LISE E MODELAGEM DA QUALIDADE DA {\'{A}}GUA NA SUB-BACIA SUB BACIA DO RIO POXIM}},
    year = {2011},
    author = {Nascimento, Anderson and Vasco, D O}
}

@book{Polyanina,
    title = {{HANDBOOK OF LINEAR PARTIAL DIFFERENTIAL EQUATIONS for and SCIENTISTS}},
    author = {Polyanin, Andrei D and Crc, Hall},
    isbn = {1584882999}
}

@book{Polyanin,
    title = {{HANDBOOK OF LINEAR PARTIAL DIFFERENTIAL EQUATIONS for and SCIENTISTS AND SCIENTISTS}},
    author = {Polyanin, Andrei D.},
    isbn = {1584882999}
}

@article{Paulo2012b,
    title = {{Histopathological alterations observed in the liver of Poecilia vivipara (Cyprinodontiformes: Poeciliidae) as a tool for the environmental quality assessment of the Cachoeira River, BA.}},
    year = {2012},
    journal = {Brazilian journal of biology = Revista brasleira de biologia},
    author = {Paulo, D V and Fontes, F M and Flores-Lopes, F},
    number = {1},
    month = {3},
    pages = {131--40},
    volume = {72},
    url = {http://www.ncbi.nlm.nih.gov/pubmed/22437393},
    issn = {1678-4375},
    pmid = {22437393},
    keywords = {Animals, Brazil, Environmental Monitoring, Environmental Monitoring: methods, Liver, Liver: drug effects, Liver: pathology, Poecilia, Rivers, Rivers: chemistry, Water Pollutants, Chemical, Water Pollutants, Chemical: toxicity}
}

@article{Paulo2012,
    title = {{Histopathological alterations observed in the liver of Poecilia vivipara (Cyprinodontiformes: Poeciliidae) as a tool for the environmental quality assessment of the Cachoeira River, BA.}},
    year = {2012},
    journal = {Brazilian journal of biology = Revista brasleira de biologia},
    author = {Paulo, D V and Fontes, F M and Flores-Lopes, F},
    number = {1},
    month = {2},
    pages = {131--40},
    volume = {72},
    url = {http://www.ncbi.nlm.nih.gov/pubmed/22437393},
    issn = {1678-4375},
    pmid = {22437393},
    keywords = {Animals, Brazil, Environmental Monitoring, Environmental Monitoring: methods, Liver, Liver: drug effects, Liver: pathology, Poecilia, Rivers, Rivers: chemistry, Water Pollutants, Chemical, Water Pollutants, Chemical: toxicity}
}

@article{Paulo2012a,
    title = {{Histopathological alterations observed in the liver of Poecilia vivipara (Cyprinodontiformes: Poeciliidae) as a tool for the environmental quality assessment of the Cachoeira River, BA.}},
    year = {2012},
    journal = {Brazilian journal of biology = Revista brasleira de biologia},
    author = {Paulo, D V and Fontes, F M and Flores-Lopes, F},
    number = {1},
    month = {2},
    pages = {131--40},
    volume = {72},
    url = {http://www.ncbi.nlm.nih.gov/pubmed/22437393},
    issn = {1678-4375},
    pmid = {22437393},
    keywords = {Animals, Brazil, Environmental Monitoring, Environmental Monitoring: methods, Liver, Liver: drug effects, Liver: pathology, Poecilia, Rivers, Rivers: chemistry, Water Pollutants, Chemical, Water Pollutants, Chemical: toxicity}
}

@book{Roque,
    title = {{Hist{\'{o}}ria da Matem{\'{a}}tica}},
    author = {Roque, Tatiana},
    publisher = {Le Livro}
}

@article{Cachoeira2012a,
    title = {{Hydrochemistry of Cachoeira River ( Bahia State , Brazil )}},
    year = {2012},
    author = {Cachoeira, Rio and Zita, Maria and Pinheiro, Tabosa and Lima, De Queiroz and Set{\'{u}}bal, Simone},
    number = {2},
    pages = {181--192},
    volume = {24},
    isbn = {2012005000037},
    keywords = {as coletas foram, cachoeira a fim de, cachoeira river, estabelecer os, estudo foi avaliar as, hydrogeochemical, impactos das atividades antropog{\^{e}}nicas, m{\'{e}}todos, na qualidade da {\'{a}}gua, o objetivo do presente, objetivo, resumo, temporais da qu{\'{i}}mica das, varia{\c{c}}ões espa{\c{c}}o, watershed, {\'{a}}guas superficiais do rio}
}

@article{Cachoeira2012,
    title = {{Hydrochemistry of Cachoeira River ( Bahia State , Brazil )}},
    year = {2012},
    author = {Cachoeira, Rio and Zita, Maria and Pinheiro, Tabosa and Lima, De Queiroz and Set{\'{u}}bal, Simone},
    number = {2},
    pages = {181--192},
    volume = {24},
    isbn = {2012005000037},
    keywords = {as coletas foram, cachoeira a fim de, cachoeira river, estabelecer os, estudo foi avaliar as, hydrogeochemical, impactos das atividades antropog{\^{e}}nicas, m{\'{e}}todos, na qualidade da {\'{a}}gua, o objetivo do presente, objetivo, resumo, temporais da qu{\'{i}}mica das, varia{\c{c}}ões espa{\c{c}}o, watershed, {\'{a}}guas superficiais do rio}
}

@article{Idricos2001,
    title = {{I g r h}},
    year = {2001},
    author = {{\'{I}}dricos, G Erenciamento D E R Ecursos H}
}

@article{Lisboa1970,
    title = {{I-310 - PROPOSI{\c{C}}{\~{A}}O DE UM {\'{I}}NDICE DE QUALIDADE DA {\'{A}}GUA : UMA}},
    year = {1970},
    author = {Lisb{\^{o}}a, Érico Gaspar and Rosa, Ana and Barp, Baganha},
    number = {1},
    pages = {1--15}
}

@article{J2010a,
    title = {{Ictiofauna do Ribeir{\~{a}}o Limoeiro , Bacia do Rio Cachoeira , BA Ictiofauna do Ribeir{\~{a}}o Limoeiro , Bacia do Rio Cachoeira , BA}},
    year = {2010},
    author = {J, M E},
    number = {4},
    pages = {111--118},
    volume = {10}
}

@article{J2010,
    title = {{Ictiofauna do Ribeir{\~{a}}o Limoeiro , Bacia do Rio Cachoeira , BA Ictiofauna do Ribeir{\~{a}}o Limoeiro , Bacia do Rio Cachoeira , BA}},
    year = {2010},
    author = {J, M E},
    number = {4},
    pages = {111--118},
    volume = {10}
}

@article{Brasileiro1996,
    title = {{II-401 - DETERMINA{\c{C}}{\~{A}}O DO COEFICIENTE DE REAERA{\c{C}}{\~{A}}O DE CURSOS D ’ {\'{A}}GUA ( K 2 ) UTILIZANDO F{\'{O}}RMULAS EMP{\'{I}}RICAS}},
    year = {1996},
    author = {Brasileiro, Congresso and Sanit, Engenharia and Civil, Engenheiro and Ambiental, Engenharia and Horizonte, Belo and Gerais, Minas},
    number = {1},
    pages = {1--8}
}

@article{Histologica2013c,
    title = {{Ilh{\'{e}}us - BA 2013}},
    year = {2013},
    author = {Histol{\'{o}}gica, Análise and Em, E Ultraestrutural}
}

@article{Histologica2013a,
    title = {{Ilh{\'{e}}us - BA 2013}},
    year = {2013},
    author = {Histol{\'{o}}gica, Análise and Em, E Ultraestrutural}
}

@article{Histologica2013d,
    title = {{Ilh{\'{e}}us - BA 2013}},
    year = {2013},
    author = {Histol{\'{o}}gica, Análise and Em, E Ultraestrutural}
}

@article{Histologica2013b,
    title = {{Ilh{\'{e}}us - BA 2013}},
    year = {2013},
    author = {Histol{\'{o}}gica, Análise and Em, E Ultraestrutural}
}

@article{Mcdonough2007b,
    title = {{in COMPUTATIONAL FLUID DYNAMICS of INCOMPRESSIBLE FLOW : Mathematics , Algorithms and Implementations}},
    year = {2007},
    author = {Mcdonough, J M}
}

@article{Fundation,
    title = {{{\'{I}}ndice de qualidade da {\'{a}}gua}},
    author = {Fundation, National Sanitation and Unidos, Estados}
}

@phdthesis{Trechos2006,
    title = {{{\'{I}}NDICE DE QUALIDADE DA {\'{A}}GUA E COEFICIENTES DE AUTODEPURA{\c{C}}{\~{A}}O DE TRECHOS DO RIO POMBA}},
    year = {2006},
    author = {ALMEIDA, THOMÉ VIDIGAL DE},
    school = {Universidade Federal de Vi{\c{c}}osa},
    address = {VI{\c{C}}OSA, MINAS GERAIS - BRASIL}
}

@article{Nunes12007,
    title = {{{\'{I}}NDICE DE QUALIDADE DA {\'{A}}GUA EM TRECHOS DO RIO TURVO SUJO, VI{\c{C}}OSA – MG}},
    year = {2011},
    journal = {REVENG},
    author = {Nunes, Daniele Gonçalves and Silva, Demetrius David da and Matos, Antonio Teixeira de},
    number = {5},
    pages = {459--468},
    volume = {19},
    keywords = {turvo sujo river, water quality, wqi}
}

@article{Da,
    title = {{{\'{I}}NDICE E INDICADORES DE QUALIDADE DA {\'{A}}GUA – REVIS{\~{A}}O DA}},
    author = {Da, Monitoramento and Da, Qualidade and Brasileira, Legislação and Da, E Qualidade and Indicadores, Índices E and Da, D E Qualidade and Qualidade, Índices D E and {\'{A}}gua, D A and Usos, Para},
    pages = {1--114}
}

@article{Roveda,
    title = {{{\'{I}}ndice Fuzzy de Qualidade das {\'{A}}guas Brutas para Fins de Abastecimento P{\'{u}}blico}},
    author = {Roveda, José Arnaldo F and Arashiro, Larissa Terumi and Silv{\'{e}}rio, Jéssica Mitizy and Roveda, Sandra R M Masalskiene and Rosa, André H},
    number = {2002},
    keywords = {l{\'{o}}gica, modelagem ambiental, {\'{a}}gua, {\'{i}}ndice de qualidade de}
}

@article{Generoso2010,
    title = {{INFLU{\^{E}}NCIA DO LOCAL DE AMOSTRAGEM NOS VALORES DE VARI{\'{A}}VEIS DE QUALIDADE DE {\'{A}}GUA EM UMA SE{\c{C}}{\~{A}}O TRANSVERSAL DO RIO CATOL{\'{E}}-BA}},
    year = {2010},
    journal = {ENCICLOP{\'{E}}DIA BIOSFERA, Centro Cient{\'{i}}fico Conhecer},
    author = {Generoso, Tarcila Neves and Fraga, Micael de Souza and Barros, Flavia Mariani and Tagliaferri, Cristiano and Rosa, Raul Castro Carrielo},
    number = {11},
    pages = {1--7},
    volume = {6}
}

@phdthesis{Albano2004,
    title = {{Integra{\c{c}}{\~{a}}o de um Modelo Matem{\'{a}}tico de Quantidade de {\'{A}}gua em Rede de Fluxo (ACQUANET) com um Modelo Matem{\'{a}}tico de Qualidade de {\'{A}}gua em Represas (CE-QUAL-R1) Estudo de Caso: Represa Jaguari-Jacare{\'{i}} – Sistema Cantareira}},
    year = {2004},
    author = {Albano, Gustavo Doratioto},
    school = {UNIVERSIDADE DE S{\~{A}}O PAULO},
    address = {S{\~{A}}O PAULO}
}

@article{Madureira2006,
    title = {{Introdu ¸ c ˜ ao ` a An ´ alise Real}},
    year = {2006},
    author = {Madureira, Alexandre L}
}

@book{Nacional2016,
    title = {{Introdu{\c{c}}{\~{a}}o a Algebra Linear}},
    year = {2016},
    author = {Santos, Reginaldo J.},
    pages = {2015--2016},
    isbn = {8574700185},
    keywords = {1, 1 m{\'{e}}todo de gauss-jordan, 2, 2 matrizes equivalentes por, 3 sistemas lineares homog{\^{e}}neos, de equa{\c{c}}ões lineares, linhas}
}

@misc{Matlab2007,
    title = {{INTRODU{\c{C}}{\~{A}}O AO PROGRAMA " MATLAB " COM APLICA{\c{C}}ÕES}},
    year = {2007},
    author = {Matlab, Utilizando O}
}

@techreport{Lobao,
    title = {{INTRODU{\c{C}}{\~{A}}O AOS M{\'{E}}TODOS NUM{\'{E}}RICOS}},
    author = {Lob{\~{a}}o, Diomar Cersa},
    pages = {0--159}
}

@book{Universitaria2013,
    title = {{Introdu{\c{c}}{\~{a}}o as EDOs}},
    year = {2013},
    author = {Santos, Reginaldo J.},
    isbn = {8574700142},
    keywords = {1, 1 m{\'{e}}todo de gauss-jordan, 2, 2 matrizes equivalentes por, 3 sistemas lineares homog{\^{e}}neos, de equa{\c{c}}ões lineares, linhas}
}

@incollection{Santos2009a,
    title = {{INTRODUCAO {\`{A}}S EQUACOES DIFERENCIAIS ORDIN{\'{A}}RIAS}},
    year = {2009},
    author = {Santos, Reginaldo J.},
    isbn = {9788574700212}
}

@incollection{Santos2009ab,
    title = {{INTRODUCAO {\`{A}}S EQUACOES DIFERENCIAIS ORDIN{\'{A}}RIAS}},
    year = {2009},
    author = {Santos, Reginaldo J.},
    isbn = {9788574700212}
}

@book{Sivanandam2007,
    title = {{Introduction to fuzzy logic using MATLAB}},
    year = {2007},
    booktitle = {Introduction to Fuzzy Logic using MATLAB},
    author = {Sivanandam, S. N. and Sumathi, S. and Deepa, S. N.},
    pages = {1--430},
    isbn = {3540357807},
    doi = {10.1007/978-3-540-35781-0},
    issn = {01421123},
    pmid = {14430668}
}

@book{NumBookHolmes,
    title = {{Introduction to Numerical Methods in Differential Equations}},
    author = {{Mark H. Holmes}},
    editor = {{J.E. Marsden}},
    publisher = {Springer},
    address = {USA},
    isbn = {9780387308913}
}

@book{Trench,
    title = {{INTRODUCTION TO REAL ANALYSIS}},
    author = {Trench, William F},
    isbn = {0130457868}
}

@book{Bowen2010,
    title = {{Introduction to vectors and tensors}},
    year = {2010},
    author = {Bowen, Ray M},
    volume = {1},
    isbn = {0306375087}
}

@book{Bowen1976,
    title = {{Introduction to Vectors and Tensors}},
    year = {1976},
    author = {Bowen, Ray M. and Wang, C.-C.},
    volume = {2},
    publisher = {Springer US},
    url = {http://link.springer.com/10.1007/978-1-4613-4343-1},
    address = {Boston, MA},
    isbn = {978-1-4613-4345-5},
    doi = {10.1007/978-1-4613-4343-1}
}

@inproceedings{Verol2005,
    title = {{INVENT{\'{A}}RIO E AN{\'{A}}LISE DE PADRÕES DE LAN{\c{C}}AMENTO DE ESGOTOS SANIT{\'{A}}RIOS : VIS{\~{A}}O NACIONAL E INTERNACIONAL}},
    year = {2005},
    booktitle = {XVII Simp{\'{o}}sio Brasileiro de Recursos H{\'{i}}dricos},
    author = {Ver{\'{o}}l, Aline Pires and Jr, Isaac Volschan}
}

@phdthesis{Pessoa2010,
    title = {{IQAFAL-{\'{I}}NDICE FUZZY DE QUALIDADE DE {\'{A}}GUA PARA AMBIENTE L{\'{O}}TICO}},
    year = {2010},
    author = {Pessoa, Marco Antonio Ribeiro}
}

@book{Venturi,
    title = {{Jacir j. venturi}},
    author = {Venturi, Jacir J},
    isbn = {8585132485}
}

@article{Venturia,
    title = {{Jacir j. venturi}},
    author = {Venturi, Jacir J}
}

@book{David,
    title = {{Linear {\'{A}}lgebra Demystified}},
    author = {{David McMahon}},
    isbn = {0071487875}
}

@book{Myint-U,
    title = {{Linear Partial Differential Equations for Scientists and Engineers}},
    author = {Myint-U, Tyn and Debnath, Loenath},
    isbn = {9780817643935}
}

@article{Curso2003,
    title = {{Linguagem C}},
    year = {2003},
    author = {Curso, Aprendizagem Comercial}
}

@article{Fernandes,
    title = {{L{\'{o}}gica difusa}},
    author = {Fernandes, Marcos Bortolotto}
}

@article{Roberto,
    title = {{L{\'{O}}GICA FUZZY APLICADA AO}},
    author = {Roberto, Sérgio and Saragioto, Pinton}
}

@article{Duarte2006,
    title = {{L{\'{o}}gica fuzzy e regress{\~{a}}o log{\'{i}}stica na decis{\~{a}}o para pr{\'{a}}tica de cintilografia das paratir{\'{o}}ides Fuzzy logic and logistic regression in the decision making for parathyroid scintigraphy study}},
    year = {2006},
    author = {Duarte, Paulo Schiavom},
    number = {5},
    pages = {898--906},
    volume = {40}
}

@book{Tonini2002,
    title = {{M A T L A B p a r a E n g e n h a r i a}},
    year = {2002},
    author = {Tonini, Adriana Maria},
    isbn = {0000000000}
}

@book{Tahana,
    title = {{Malba Tahan}},
    author = {Tahan, Malba},
    isbn = {8501033758},
    keywords = {Viciados em Livros{\textbackslash}r{\textbackslash}nwww.viciadosemlivros.org}
}

@article{Tahan,
    title = {{MALBA TAHAN AS MARAVILHAS}},
    author = {Tahan, Malba}
}

@article{Basica2012,
    title = {{Manual de atividades no Geogebra para a}},
    year = {2012},
    author = {B{\'{a}}sica, Educação}
}

@article{Basica2012a,
    title = {{Manual de atividades no Geogebra para a}},
    year = {2012},
    author = {B{\'{a}}sica, Educação}
}

@article{Luiz2005,
    title = {{Manual do uso da teoria dos}},
    year = {2005},
    author = {Luiz, Anderson and Prof, Souza and Feagri, Carvalho Barros}
}

@article{Silva,
    title = {{MAPEAMENTO ARQUEOL{\'{O}}GICO : UM ESTUDO DA ARQUEOLOGIA DA PASAGEM NA BACIA DO RIO ALMADA , EM ILH{\'{E}}US , BAHIA .}},
    author = {Silva, Kaíque Brito},
    keywords = {as, bibliografias hist{\'{o}}ricas e os, de assentamentos e as, de povoamento presente, dom{\'{i}}nio do objeto de, e intensificam a potencialidade, entre eles, estudo, estudos geomorfol{\'{o}}gicos e geol{\'{o}}gicos, marcadas em coordenadas geogr{\'{a}}ficas, no ambiente, no auxiliaram no, para, recorr{\^{e}}ncias e varia{\c{c}}ões existentes, todas as ocorr{\^{e}}ncias foram}
}

@article{Pesquisa2010,
    title = {{MARCIO CEO DOS SANTOS A CRISE DA REGI{\~{A}}O CACAUEIRA E OS DESAFIOS S{\~{a}}o Caetano do Sul}},
    year = {2010},
    author = {Pesquisa, Pró-reitoria D E Pós-graduação E and Administra{\c{c}}{\~{a}}o, Programa D E Pós-graduação E M}
}

@article{Julieta2009,
    title = {{Maria Julieta Ventura Carvalho de Araujo}},
    year = {2009},
    author = {Julieta, Maria and Carvalho, Ventura}
}

@article{Notare2003,
    title = {{Matem{\'{a}}tica Discreta}},
    year = {2003},
    author = {Notare, Márcia Rodrigues}
}

@article{Domingos,
    title = {{Matem{\'{a}}tica Financeira e Comercial Matem{\'{a}}tica Financeira e Comercial}},
    author = {Domingos, Roberto and Eduardo, Carlos}
}

@article{Puccini,
    title = {{Matem{\'{a}}tica Financeira Matem{\'{a}}tica Financeira}},
    author = {Puccini, Ernesto Coutinho}
}

@article{This2005,
    title = {{Math 219, Homework 2}},
    year = {2005},
    author = {This, Wednesday and Society, Metu Robotics},
    pages = {2--3}
}

@article{Architect2005,
    title = {{Math 219, Homework 3}},
    year = {2005},
    author = {Architect, Use O D E},
    pages = {2--3}
}

@book{Bruno2019a,
    title = {{MATLAB Demystified}},
    year = {2019},
    booktitle = {Journal of Chemical Information and Modeling},
    author = {{David McMahon}},
    number = {9},
    pages = {1689--1699},
    volume = {53},
    isbn = {9788578110796},
    doi = {10.1017/CBO9781107415324.004},
    issn = {1098-6596},
    pmid = {25246403},
    arxivId = {arXiv:1011.1669v3},
    keywords = {icle}
}

@article{Coeficientes,
    title = {{Matrizes Associadas a um Sistema Linear}},
    author = {Coeficientes, De and Termos, De},
    pages = {24--40},
    keywords = {forma matricial, podem ser representados na}
}

@article{Duas,
    title = {{Matrizes e Polin{\^{o}}mios Teorema de Cayley-Hamilton}},
    author = {Duas, A and Mat, B and Mat, P},
    pages = {21--25},
    volume = {1}
}

@book{Santos2008,
    title = {{MATRIZES VETORES E GEOMETRIA ANAL ´ ITICA}},
    year = {2008},
    author = {Santos, Reginaldo J},
    isbn = {8574700142}
}

@book{Santos2006a,
    title = {{MATRIZES VETORES E GEOMETRIA ANAL ´ ITICA}},
    year = {2006},
    author = {Santos, Reginaldo J},
    isbn = {8574700142}
}

@book{Santosa,
    title = {{MATRIZES VETORES E GEOMETRIA ANAL ´ ITICA}},
    author = {Santos, Reginaldo J},
    isbn = {8574700142}
}

@book{Universitaria2013a,
    title = {{Matrizes, Vetores e GA}},
    year = {2013},
    author = {Santos, Reginaldo J.},
    isbn = {8574700142},
    keywords = {1, 1 m{\'{e}}todo de gauss-jordan, 2, 2 matrizes equivalentes por, 3 sistemas lineares homog{\^{e}}neos, de equa{\c{c}}ões lineares, linhas}
}

@article{Pos-graduacao2009,
    title = {{Mestrado em Engenharia Ambiental QUALIDADE DE {\'{A}}GUA PARA O ALTO RIO DAS VELHAS / MG Autor : Jos{\'{e}} S{\'{e}}rgio Aleluia dos Reis}},
    year = {2009},
    author = {P{\'{o}}s-gradua{\c{c}}{\~{a}}o, Programa De and Ambiental, Engenharia}
}

@incollection{Frietas2000,
    title = {{M{\'{e}}todos num{\'{e}}ricos}},
    year = {2000},
    author = {Frietas, Sérgio Roberto},
    url = {http://scholar.google.com/scholar?hl=en&btnG=Search&q=intitle:M�todos+Num�ricos#2}
}

@techreport{Gonz2010,
    title = {{METODOS NUMERICOS}},
    year = {2000},
    author = {{sergio roberto de freitas}}
}

@techreport{Monteiro2012,
    title = {{M{\'{e}}todos Num{\'{e}}ricos : exerc{\'{i}}cios resolvidos aplicados {\`{a}} Engenharia e outras Ci{\^{e}}ncias}},
    year = {2012},
    author = {Monteiro, Maria Teresa Torres}
}

@book{Nakamura,
    title = {{Metodos Numericos Aplicados Con Software (Spanish Edition)}},
    author = {Nakamura, Shoichiro},
    publisher = {Prentice Hall},
    url = {http://www.amazon.com/Metodos-Numericos-Aplicados-Software-Spanish/dp/9688802638}
}

@book{NumBookGilat,
    title = {{M{\'{e}}todos Num{\'{e}}ricos para Engenheiros e Cientistas: Uma introdu{\c{c}}{\~{a}}o com aplica{\c{c}}ões usando o Matlab}},
    year = {2008},
    author = {Gilat, Amos and Subramaniam, Vish},
    publisher = {Bookman},
    address = {Porto Alebre},
    isbn = {9788577802975}
}

@article{.,
    title = {{. a ema lea {\~{}}}}
}

@article{201014,
    title = {{1 , 2 ; 3 , 4}},
    year = {2010},
    pages = {0--4}
}

@book{1JetentTemtItlco,
    title = {{1J,"'e,t,""ent• • temt{\'{I}}tlco{\$}}},
    isbn = {8433551116}
}

@article{7,
    title = {{7}},
    pages = {2--5},
    volume = {1}
}

@article{AMatematica,
    title = {{a matem{\'{a}}tica banco De questões conexões com a matem{\'{a}}tica}}
}

@article{AMatematicab,
    title = {{a matem{\'{a}}tica banco De questões conexões com a matem{\'{a}}tica}},
    pages = {3--5}
}

@article{AMatematicac,
    title = {{a matem{\'{a}}tica banco De questões conexões com a matem{\'{a}}tica}}
}

@article{AMatematicad,
    title = {{a matem{\'{a}}tica banco De questões conexões com a matem{\'{a}}tica}}
}

@article{AMatematicae,
    title = {{a matem{\'{a}}tica banco De questões conexões com a matem{\'{a}}tica}}
}

@misc{A02v13n3.pdf,
    title = {{a02v13n3.pdf}}
}

@misc{Algebra2003.pdf,
    title = {{algebra e calculo 2003.pdf}}
}

@article{AlgebraII,
    title = {{{\'{A}}lgebra Linear II}},
    pages = {8}
}

@article{AlgebraIII,
    title = {{{\'{A}}lgebra Linear III}},
    pages = {8}
}

@misc{AlgebraI..pdf,
    title = {{{\'{A}}lgebra Moderna - Hygino H. Domingues, Gelson I..pdf}}
}

@misc{Algebra+Recreativa-Peralma.pdf,
    title = {{{\'{A}}lgebra+Recreativa-Peralma.pdf}}
}

@misc{AnaliseProbabilidade.pdf,
    title = {{Analise Combinatoria e Probabilidade.pdf}}
}

@incollection{AnaliseTensorial,
    title = {{An{\'{a}}lise Tensorial}},
    pages = {1--19}
}

@misc{Analisedefourier-murrayspiegel-130506172942-phpapp01.pdf,
    title = {{analisedefourier-murrayspiegel-130506172942-phpapp01.pdf}}
}

@article{ApendiceExercicios,
    title = {{Ap{\^{e}}ndice B Respostas dos Exerc{\'{i}}cios}},
    pages = {419--435}
}

@book{1997AritmMathematica,
    title = {{Aritm ´ etica , Algebra e C ´ alculo com o Mathematica}},
    year = {1997},
    isbn = {852120146X}
}

@article{2003As.,
    title = {{As repostas n ˜ ao Justificadas n ˜ ao ser ˜ ao consideradas .}},
    year = {2003},
    pages = {0--1}
}

@article{AutoespacoLinear,
    title = {{Autoespa{\c{c}}o correspondente a um certo autovalor {\'{e}} o conjunto de todos os autovetores associados a este autovalor. Autovalor associado ao operador linear}},
    pages = {82--83}
}

@article{AutoespacoLinearb,
    title = {{Autoespa{\c{c}}o correspondente a um certo autovalor {\'{e}} o conjunto de todos os autovetores associados a este autovalor. Autovalor associado ao operador linear}}
}

@article{BeneficiosBrasileiro,
    title = {{benef{\'{i}}cios econ{\^{o}}micos da expans{\~{a}}o do saneAmento Brasileiro}}
}

@misc{BrezisAplicaciones.pdf,
    title = {{Brezis, H. - Analisis funcional. Teoria y aplicaciones.pdf}}
}

@book{2002CContents,
    title = {{c ˜ ao ao Maple Contents}},
    year = {2002},
    isbn = {2231404958}
}

@misc{CalculoLineareres,
    title = {{C{\'{a}}lculo Num{\'{e}}rico-Sistemas Lineareres}},
    number = {M},
    keywords = {Sistemas Lineares}
}

@misc{Calculo.Vol3.Guidorizzi.PDF.pdf,
    title = {{Calculo.Vol 3.Guidorizzi.PDF.pdf}}
}

@misc{CalibratedAQUATOX_20060413.pdf,
    title = {{Calibrated Model Inputs QUAL2K, WASP, AQUATOX{\_}20060413.pdf}}
}

@misc{CapaI.pdf,
    title = {{Capa - Algebra Linear I.pdf}}
}

@article{Capitulo11,
    title = {{Cap{\'{i}}tulo 1 {\'{A}}lgebra 11}},
    pages = {11--44}
}

@article{Capitulo51,
    title = {{Cap{\'{i}}tulo 2 N{\'{u}}meros 51}},
    pages = {51--106}
}

@article{Capitulo105,
    title = {{Cap{\'{i}}tulo 3 Geometria 105}},
    pages = {105--144}
}

@article{Capitulo107,
    title = {{Cap{\'{i}}tulo 3 Geometria 107}},
    pages = {107--174}
}

@article{Capitulo175,
    title = {{Cap{\'{i}}tulo 4 Hist{\'{o}}ria 175}},
    pages = {175--216}
}

@article{Capitulo217,
    title = {{Cap{\'{i}}tulo 5 {\'{A}}lgebra 217}},
    pages = {217--266}
}

@article{Capitulo267,
    title = {{Cap{\'{i}}tulo 6 Ensino 267}},
    pages = {267--288}
}

@article{CapituloProblemas,
    title = {{Cap{\'{i}}tulo 6 Problemas}}
}

@article{Capitulo9,
    title = {{Cap{\'{i}}tulo Lan{\c{c}}amento horizontal e lan{\c{c}}amento 9}},
    pages = {1--11},
    volume = {1}
}

@misc{Capitulo_10.pdf,
    title = {{capitulo{\_}10.pdf}}
}

@misc{Capitulo_10_ALT_2.pdf,
    title = {{Capitulo{\_}10{\_}ALT{\_}2.pdf}}
}

@misc{Capitulo_10_ALT_2.zip,
    title = {{Capitulo{\_}10{\_}ALT{\_}2.zip}}
}

@misc{Capitulo_11.pdf,
    title = {{capitulo{\_}11.pdf}}
}

@misc{Capitulo_11_ALT_2.zip,
    title = {{Capitulo{\_}11{\_}ALT{\_}2.zip}}
}

@misc{Capitulo_12_ALT_2.pdf,
    title = {{Capitulo{\_}12{\_}ALT{\_}2.pdf}}
}

@misc{Capitulo_13_ALT_2.pdf,
    title = {{Capitulo{\_}13{\_}ALT{\_}2.pdf}}
}

@misc{Capitulo_13_ALT_2.zip,
    title = {{Capitulo{\_}13{\_}ALT{\_}2.zip}}
}

@misc{Capitulo_14.pdf,
    title = {{capitulo{\_}14.pdf}}
}

@misc{Capitulo_1_ALT_2.zip,
    title = {{Capitulo{\_}1{\_}ALT{\_}2.zip}}
}

@misc{Capitulo_2.pdf,
    title = {{capitulo{\_}2.pdf}}
}

@misc{Capitulo_3.pdf,
    title = {{capitulo{\_}3.pdf}}
}

@misc{Capitulo_4.pdf,
    title = {{capitulo{\_}4.pdf}}
}

@misc{Capitulo_5.pdf,
    title = {{capitulo{\_}5.pdf}}
}

@misc{Capitulo_6.pdf,
    title = {{capitulo{\_}6.pdf}}
}

@misc{Capitulo_7tecnicasIntegracao.pdf,
    title = {{capitulo{\_}7(tecnicas de integra{\c{c}}{\~{a}}o).pdf}}
}

@misc{Capitulo_7_ALT_2.zip,
    title = {{Capitulo{\_}7{\_}ALT{\_}2.zip}}
}

@misc{Capitulo_8sequenciasSeries.pdf,
    title = {{capitulo{\_}8(sequencias e series).pdf}}
}

@misc{Capitulo_8_ALT_2.zip,
    title = {{Capitulo{\_}8{\_}ALT{\_}2.zip}}
}

@misc{Capitulo_9.pdf,
    title = {{capitulo{\_}9.pdf}}
}

@misc{Capitulo_9_ALT_2.pdf,
    title = {{Capitulo{\_}9{\_}ALT{\_}2.pdf}}
}

@misc{Ch12.pdf,
    title = {{ch12.pdf}}
}

@misc{Ch13.pdf,
    title = {{ch13.pdf}}
}

@misc{Ch14.pdf,
    title = {{ch14.pdf}}
}

@misc{Ch17.pdf,
    title = {{ch17.pdf}}
}

@misc{Ch18.pdf,
    title = {{ch18.pdf}}
}

@misc{Ch19.pdf,
    title = {{ch19.pdf}}
}

@misc{Ch20.pdf,
    title = {{ch20.pdf}}
}

@misc{Ch21.pdf,
    title = {{ch21.pdf}}
}

@misc{Ch22.pdf,
    title = {{ch22.pdf}}
}

@article{ChapterFive,
    title = {{Chapter Five}},
    pages = {169--253}
}

@article{ChapterFour,
    title = {{Chapter Four}}
}

@article{ChapterNine,
    title = {{Chapter Nine}}
}

@article{ChapterOne,
    title = {{Chapter One}},
    pages = {1--18}
}

@article{1978ChapterSeven,
    title = {{Chapter Seven}},
    year = {1978},
    month = {7},
    pages = {288},
    volume = {21},
    doi = {10.1017/S006869050000310X},
    issn = {0068-6905}
}

@article{ChapterSix,
    title = {{Chapter Six}},
    pages = {254--334}
}

@article{ChapterTen,
    title = {{Chapter Ten}}
}

@article{ChapterThree,
    title = {{Chapter Three}},
    pages = {83--145}
}

@article{ChapterTwo,
    title = {{Chapter Two}},
    pages = {18--78}
}

@misc{Chapter_1.pdf,
    title = {{Chapter{\_}1.pdf}}
}

@misc{Chapter_2.pdf,
    title = {{Chapter{\_}2.pdf}}
}

@misc{Chapter_3.pdf,
    title = {{Chapter{\_}3.pdf}}
}

@misc{Chapter_4.pdf,
    title = {{Chapter{\_}4.pdf}}
}

@misc{Chapter_5.pdf,
    title = {{Chapter{\_}5.pdf}}
}

@misc{Chapter_6.pdf,
    title = {{Chapter{\_}6.pdf}}
}

@misc{Chapter_7.pdf,
    title = {{Chapter{\_}7.pdf}}
}

@article{ConjuntoEm,
    title = {{Conjunto de n{\'{u}}meros reais (ou complexos) dispostos em forma de tabela, isto {\'{e}}, distribu{\'{i}}dos em}},
    pages = {1--23},
    volume = {4}
}

@article{ConjuntoEmb,
    title = {{Conjunto de n{\'{u}}meros reais (ou complexos) dispostos em forma de tabela, isto {\'{e}}, distribu{\'{i}}dos em}},
    pages = {1--23},
    volume = {4}
}

@misc{Coordenadas-No-Plano.pdf,
    title = {{Coordenadas-No-Plano.pdf}}
}

@article{CursoReal,
    title = {{curso de an´ alise real}}
}

@book{CursoRealb,
    title = {{curso de an´ alise real}},
    isbn = {9788590672005}
}

@article{CursoC,
    title = {{Curso de Linguagem C}},
    pages = {1--129}
}

@article{2009Departamento,
    title = {{Departamento de Matem ´ atica Aplicada Exame de Admiss ˜ ao 2009 Boa Prova !}},
    year = {2009}
}

@article{2010ElementaryAlgebra,
    title = {{Elementary Linear Algebra}},
    year = {2010},
    pages = {84},
    publisher = {Elsevier},
    isbn = {9780123747518}
}

@article{2010ElementaryAlgebrab,
    title = {{Elementary Linear Algebra}},
    year = {2010},
    pages = {96},
    publisher = {Elsevier},
    isbn = {9780123747518}
}

@article{2001ElementosFerreira,
    title = {{Elementos de L{\'{o}}gica Matem{\'{a}}tica e Teoria dos Conjuntos Jaime Campos Ferreira}},
    year = {2001}
}

@incollection{ExplorandoFuncoes,
    title = {{Explorando o Ensino - Cap{\'{i}}tulo 2: Fun{\c{c}}ões}},
    pages = {63--104}
}

@book{FME-VOL10-Resolucao-,
    title = {{FME-VOL 10-Resolu{\c{c}}{\~{a}}o-}}
}

@misc{FME-VOL11Resolucao-Financeira.e.estatistica.Descritiva.pdf,
    title = {{FME-VOL 11(Resolu{\c{c}}{\~{a}}o)-Financeira.e.estat{\'{i}}stica.Descritiva.pdf}}
}

@misc{FME-VOLLogaritmos.pdf,
    title = {{FME-VOL 2(Resolu{\c{c}}{\~{a}}o)- Logar{\'{i}}tmos.pdf}}
}

@misc{FME-VOL3resolucao-Trigonometria.pdf,
    title = {{FME-VOL 3(resolu{\c{c}}{\~{a}}o)-Trigonometria.pdf}}
}

@misc{FME-VOLSistemas.pdf,
    title = {{FME-VOL 4 (Resolu{\c{c}}{\~{a}}o)-.Sequencias-Matrizes- Determinantes e Sistemas.pdf}}
}

@misc{FME-VOLProbabilidade,
    title = {{FME-VOL 5 (Resolu{\c{c}}{\~{a}}o)-Combinatoria e Probabilidade}}
}

@misc{FME-VOL6Resolucao-Complexos.Polinomios.e.Equacoes.pdf,
    title = {{FME-VOL 6(Resolu{\c{c}}{\~{a}}o)-Complexos.Polinomios.e.Equacoes.pdf}}
}

@misc{FME-VOL7Resolucao-Geometria.Analitica.pdf,
    title = {{FME-VOL 7(Resolu{\c{c}}{\~{a}}o)-Geometria.Analitica.pdf}}
}

@misc{FME-VOL8Resolucao-Derivadas.e.Nocoes.de.Integral.pdf,
    title = {{FME-VOL 8(Resolu{\c{c}}{\~{a}}o)-Derivadas.e.Nocoes.de.Integral.pdf}}
}

@article{FormasBilineares,
    title = {{Formas Lineares , Bilineares e Quadr{\'{a}}ticas Formas Lineares Formas Bilineares}},
    pages = {35--50}
}

@misc{GeometriaGA.pdf,
    title = {{Geometria Analitica - Steinbruch {\&} Winterle(principal ref para GA).pdf}}
}

@misc{GeometriaBoulos.pdf,
    title = {{Geometria Analitica um Tratamento Vetorial - 3 edicao -Ivan de Camargo - Paulo Boulos.pdf}}
}

@misc{GeometriaMorgado.pdf,
    title = {{Geometria Vol. I(geometriaPlana - Morgado.pdf}}
}

@misc{GoogleLivros,
    title = {{Google Livros}}
}

@article{INTRODUC,
    title = {{INTRODU C}}
}

@misc{Kreyszing_advancedMathematics,
    title = {{Kreyszing{\_}advanced engineering mathematics}}
}

@article{2015MatematicaBasica,
    title = {{Matem{\'{a}}tica 1 Matem{\'{a}}tica B{\'{a}}sica}},
    year = {2015}
}

@misc{MATEMATICABASICA.pdf,
    title = {{MATEM{\'{A}}TICA B{\'{A}}SICA.pdf}}
}

@misc{Matematica-Financeira-6-edicao-Samuel-Hazzan-Jose-Pompeo.pdf,
    title = {{Matematica-Financeira-6{\textordfeminine}-edicao-Samuel-Hazzan-Jose-Pompeo.pdf}}
}

@misc{Matematica_financeira_Samanaz.pdf,
    title = {{matematica{\_}financeira{\_}Samanaz.pdf}}
}

@article{2005Math4,
    title = {{Math 219, Homework 4}},
    year = {2005},
    number = {c},
    pages = {2005}
}

@misc{MATLABLivre,
    title = {{MATLAB – Wikip{\'{e}}dia, a enciclop{\'{e}}dia livre}}
}
@book{Limaa,
    title = {{Meu Professor de Matematica e Outras Hist{\'{o}}rias.pdf}},
    author = {Lima, Elon Lages}
}

@misc{Elon,
    title = {{Meu Professor de Matematica.pdf}},
    author = {{Elon}}
}

@article{Alegre,
    title = {{MODELA{\c{C}}{\~{A}}O E AN{\'{A}}LISE DE SISTEMAS DE ABASTECIMENTO DE {\'{A}}GUA}},
    author = {S{\'{e}}rgio Teixeira Coelho, Dália Loureiro and Alegre, Helena},
    keywords = {de abastecimento de}
}

@phdthesis{Cecconello2006,
    title = {{Modelagem alternativa para dinamica populacional : sistemas dinamicos fuzzy}},
    year = {2006},
    author = {Cecconello, Moiseis dos Santos},
    month = {3},
    publisher = {Biblioteca Digital da Unicamp},
    url = {http://www.bibliotecadigital.unicamp.br/document/?code=vtls000378218},
    keywords = {Biomatematica, Biomathematics, Conjuntos difusos, Constitutional and consumerists proving garantees, Dynamical systems, Fuzzy sets, Sistemas dinamicos},
    language = {por}
}

@phdthesis{Ambiental2009,
    title = {{MODELAGEM DA QUALIDADE DA {\'{A}}GUA DO RIO MONJOLINHO UTILIZANDO O MODELO QUAL-2E: {\^{E}}nfase em mat{\'{e}}ria org{\^{a}}nica}},
    year = {2009},
    author = {Penteado, Eduardo Dellosso},
    school = {UNIVERSIDADE DE S{\~{A}}O PAULO},
    address = {S{\~{a}}o Carlos, SP}
}

@phdthesis{Federal2007,
    title = {{MODELAGEM DA QUALIDADE DA {\'{A}}GUA NO TRECHO DE VAZ{\~{A}}O REDUZIDA (TVR) DO APROVEITAMENTO HIDREL{\'{E}}TRICO DE CAPIM BRANCO I DO RIO ARAGUARI-MG}},
    year = {2007},
    author = {Silva, Nayana Grasielle Marques},
    school = {UNIVERSIDADE FEDERAL DE MINAS GERAIS},
    address = {Belo Horizonte}
}

@phdthesis{Benett2012,
    title = {{Modelagem da Qualidade da {\'{A}}gua Superficial do Rio Inhandava - RS}},
    year = {2012},
    author = {Benetti, Mozara},
    school = {UNIVERSIDADE DE PASSO FUNDO},
    address = {Passo Fundo}
}

@phdthesis{Larentis2004,
    title = {{MODELAGEM MATEM{\'{A}}TICA DA QUALIDADE DA {\'{A}}GUA EM GRANDES BACIAS: SISTEMA TAQUARI-ANTAS - RS}},
    year = {2004},
    author = {Larentis, Dante Gama}
}

@article{Andrade2007,
    title = {{MODELAGEM MATEM{\'{A}}TICA DA QUALIDADE DAS {\'{A}}GUAS}},
    year = {2007},
    author = {Andrade, Carla Freitas De},
    volume = {d}
}

@inproceedings{Cauduro,
    title = {{MODELAGEM MATEM{\'{A}}TICA DA QUALIDADE DAS {\'{A}}GUAS DO RESERVAT{\'{O}}RIO DO ARROIO VACACA{\'{I}}-MIRIM}},
    author = {Gastaldini, Maria do Carmo Cauduro and Paz, Márcio Ferreira and Kraemer, Maria Cláudia Nunes and Paiva, Eloiza Maria Cauduro Dias de and Paiva, João Batista Dias de},
    pages = {1--8}
}

@phdthesis{Reis2009,
    title = {{MODELAGEM MATEM{\'{A}}TICA DA QUALIDADE DE {\'{A}}GUA PARA O ALTO RIO DAS VELHAS/MG}},
    year = {2009},
    author = {Reis, José Sérgio Aleluia dos}
}

@unpublished{Gomide1994,
    title = {{Modelagem. controle, sistemas e l{\'{o}}gica fuzzy}},
    year = {1994},
    author = {Gomide, Fernando Antonio Campos and Gudwin, Ricardo Ribeiro}
}

@phdthesis{Teixeira2008,
    title = {{MODELO MATEM{\'{A}}TICO PARA GERENCIAMENTO DE QUANTIDADE E QUALIDADE DA {\'{A}}GUA EM RIOS . UM ESTUDO DE CASO : BACIA DO RIO PIRACICABA}},
    year = {2008},
    author = {Teixeira, Celimar Azambuja and Porto, Rubem La Laina},
    pages = {79--104}
}

@article{Goncalves2011,
    title = {{MODELO NUM{\'{E}}RICO PARA A SIMULA{\c{C}}{\~{A}}O DA QUALIDADE DA {\'{A}}GUA NO TRECHO URBANO DO RIO JA{\'{U}} , MUNIC{\'{I}}PIO DE JA{\'{U}} ( SP )}},
    year = {2011},
    journal = {REA – Revista de estudos ambientais (Online)},
    author = {Gon{\c{c}}alves, Julio César de Souza Inácio and Sardinha, Diego de Souza and Boesso, Fernando Fricher},
    number = {2},
    pages = {44--56},
    volume = {13}
}

@article{Pereira2004,
    title = {{Modelos de Qualidade de {\'{A}}gua R{\'{e}}gis}},
    year = {2004},
    journal = {ReRH – Revista Eletr{\^{o}}nica de Recursos H{\'{i}}dricos Volume},
    author = {Pereira, Régis S.},
    month = {9},
    pages = {37--48},
    series = {1},
    volume = {1}
}

@article{Harum2008b,
    title = {{Modelos de vulnerabilidade hidrol{\'{o}}gica para a bacia hidrogr{\'{a}} fi ca do rio Cachoeira ( Bahia ) utilizando sistemas de informa{\c{c}}ões geogr{\'{a}} fi cas}},
    year = {2008},
    author = {Harum, Till and Saccon, Pierpaolo and Alves, Neylor and Rego, Calasans and Carlos, Francisco and Paula, Fernandes De},
    number = {2},
    pages = {89--95},
    volume = {1}
}

@article{Carlos1992,
    title = {{Modelos determin{\'{i}}sticos com par{\^{a}}metros subjetivos}},
    year = {1992},
    author = {Carlos, Rodney and Disserta, Bassanezi}
}

@article{La2013,
    title = {{MS777 : Projeto Supervisionado Estudos sobre aplica ¸ c o ˜ es da l ´ ogica Fuzzy em biomedicina}},
    year = {2013},
    author = {La, Orientador Prof and Marie, Aluna and Pereira, Mezher S and Unicamp, D M A Imecc}
}

@article{Ver2010h,
    title = {{MT 201 Introdu ¸ c ˜ ao ` a Matem ´ atica Aplicada Lista de Exerc ´ ıcios}},
    year = {2010},
    author = {Ver, Turma A and Revis, Uma Breve}
}

@article{Ver2010,
    title = {{MT 201 Introdu ¸ c ˜ ao ` a Matem ´ atica Aplicada Lista de Exerc ´ ıcios}},
    year = {2010},
    author = {Ver, Turma A and Revis, Uma Breve},
    number = {c}
}

@article{Ver2010f,
    title = {{MT 201 Introdu ¸ c ˜ ao ` a Matem ´ atica Aplicada Lista de Exerc ´ ıcios}},
    year = {2010},
    author = {Ver, Turma A},
    number = {d},
    volume = {2}
}

@article{Ver2010a,
    title = {{MT 201 Introdu ¸ c ˜ ao ` a Matem ´ atica Aplicada Lista de Exerc ´ ıcios}},
    year = {2010},
    author = {Ver, Turma A},
    number = {d},
    pages = {0--5}
}

@article{Ver2010e,
    title = {{MT 201 Introdu ¸ c ˜ ao ` a Matem ´ atica Aplicada Lista de Exerc ´ ıcios}},
    year = {2010},
    author = {Ver, Turma A},
    volume = {1}
}

@article{Ver2010d,
    title = {{MT 201 Introdu ¸ c ˜ ao ` a Matem ´ atica Aplicada Lista de Exerc ´ ıcios}},
    year = {2010},
    author = {Ver, Turma A and Sobredeterminado, Sistema Linear},
    pages = {3--4}
}

@article{Ver2010c,
    title = {{MT 201 Introdu ¸ c ˜ ao ` a Matem ´ atica Aplicada Lista de Exerc ´ ıcios}},
    year = {2010},
    author = {Ver, Turma A}
}

@article{Ver2010g,
    title = {{MT 201 Introdu ¸ c ˜ ao ` a Matem ´ atica Aplicada Lista de Exerc ´ ıcios}},
    year = {2010},
    author = {Ver, Turma A},
    number = {c}
}

@misc{Bradshaw2020,
    title = {{Neurologic Manifestations of Systemic Rheumatologic Diseases}},
    year = {2020},
    booktitle = {Current Clinical Neurology},
    author = {Bradshaw, Michael J. and Bhattacharyya, Shamik and Venna, Nagagopal and Cahill, Jonathan F.},
    pages = {321--342},
    doi = {10.1007/978-3-030-24436-1{\_}17},
    issn = {25244043},
    keywords = {Autoimmune neurology, Beh{\c{c}}et, IgG-4-related disease, Neuro-rheumatology, Neurologic complications, Neurosarcoidosis, Rheumatoid arthritis, Rheumatology, Sj{\"{o}}gren syndrome, Systemic lupus erythematosus}
}

@misc{Pennick,
    title = {{Nigel Pennick GEOMETRIA SAGRADA SIMBOLISMO E INTEN{\c{C}}{\~{A}}O NAS ESTRUTURAS RELIGIOSAS}},
    author = {Pennick, Nigel and Sagrada, Geometria}
}

@article{Riscos,
    title = {{No Title}},
    author = {Riscos, Gerenciamento De}
}

@article{Ingresso,
    title = {{No Title}},
    author = {Ingresso, Exame D E}
}

@article{Hosoume,
    title = {{No Title}},
    author = {Hosoume, Yassuko}
}

@article{Antonio,
    title = {{No Title}},
    year = {2008},
    journal = {Vasa},
    author = {Breu, FX and Guggenbichler, S and Wollmann, JC},
    number = {011},
    url = {http://medcontent.metapress.com/index/A65RM03P4874243N.pdf}
}

@article{Teodosio2010b,
    title = {{No Title}},
    year = {2010},
    author = {Teod{\'{o}}sio, Andressa Santos}
}

@article{Teodosio2010,
    title = {{No Title}},
    year = {2010},
    author = {Teod{\'{o}}sio, Andressa Santos}
}

@article{Teodosio2010a,
    title = {{No Title}},
    year = {2010},
    author = {Teod{\'{o}}sio, Andressa Santos}
}

@book{Introdu,
    title = {{No Title}},
    author = {Introdu, Uma},
    isbn = {9788591850105}
}

@article{Aticab,
    title = {{No Title}},
    author = {Atica, E M Matem}
}

@article{Navigation,
    title = {{No Titleああああああああ}},
    author = {Navigation, Ship and Route, Northern Sea}
}

@book{2000,
    title = {{No Titleメンタルヘルスハンドブック{\\\}教師のストレス総チェック{\\\}}},
    year = {2000},
    booktitle = {ぎょうせい},
    author = {中島, 一憲},
    pages = {3},
    isbn = {9783642352201}
}

@article{Na2008,
    title = {{N{\'{o}}brega, ara{\'{u}}jo, santos (2008)}},
    year = {2008},
    author = {Na, Produzidas and Da, Região and Natal, Grande},
    pages = {4--25},
    volume = {3}
}

@misc{Becker2010,
    title = {{No{\c{c}}ões B{\'{a}}sicas de Programa{\c{c}}{\~{a}}o em MATLAB}},
    year = {2010},
    author = {Becker, Alex Jenaro}
}

@article{Aplicada2005,
    title = {{NOTA A1 DEZEMBRO 2005}},
    year = {2005},
    author = {Aplicada, Pós-graduação E M Matemática},
    pages = {2--4}
}

@book{Lebl2010,
    title = {{Notes on Diffy-Differential Equations for Engineers}},
    year = {2010},
    author = {Lebl, Jiri}
}

@book{NumBookKarris,
    title = {{Numerical Analysis Using MATLAB and Spreadsheets}},
    author = {Karris, Steven T.},
    edition = {2},
    publisher = {Orchard Publications},
    isbn = {0974423912}
}

@incollection{Pav2005,
    title = {{Numerical Methods Course Notes-Octave/Matlab}},
    year = {2005},
    author = {Pav, Steven E},
    volume = {11}
}

@book{NumBookHoffman,
    title = {{Numerical Methods for Engineers and Scientists}},
    year = {2001},
    author = {Hoffman, Joe D.},
    edition = {2},
    publisher = {Marcel Dekker},
    address = {New York},
    isbn = {0824704436}
}

@book{NumBookButcher,
    title = {{Numerical Methods for Ordinary Differential Equations}},
    year = {2008},
    author = {Butcher, J.C.},
    month = {6},
    publisher = {John Wiley {\&} Sons, Ltd},
    url = {http://doi.wiley.com/10.1002/0470868279},
    address = {Chichester, UK},
    isbn = {9780470868270},
    doi = {10.1002/0470868279}
}

@book{NumericalRecipes,
    title = {{Numerical recipes}},
    year = {1990},
    author = {Press, WH and Flannery, BP and Teukolsky, SA and Vetterling, WT},
    url = {http://journals.cambridge.org/production/action/cjoGetFulltext?fulltextid=4285340},
    isbn = {9780521880688}
}

@misc{Everstine2010,
    title = {{Numerical Solution of Partial Differential Equations}},
    year = {2010},
    author = {Everstine, Gordon C.},
    number = {January}
}

@phdthesis{Agusto2007a,
    title = {{Numerical Treatment of the Mathematical Models for Water Pollution}},
    year = {2007},
    author = {Agusto, F B and Bamigbola, O M},
    number = {4},
    pages = {172--180},
    volume = {3},
    keywords = {biological oxygen demand, c ontaminant transport, dissolved oxygen, water pollution}
}

@article{Agusto2007,
    title = {{Numerical Treatment of the Mathematical Models for Water Pollution}},
    year = {2007},
    journal = {Journal of Mathematics and Statistics 3},
    author = {Agusto, F B and Bamigbola, O M},
    number = {4},
    pages = {172--180},
    volume = {3}
}

@article{Jensen2011,
    title = {{Nursing and fuzzy logic: an integrative review.}},
    year = {2011},
    journal = {Revista latino-americana de enfermagem},
    author = {Jensen, Rodrigo and Lopes, Maria Helena Baena De Moraes},
    number = {1},
    pages = {195--202},
    volume = {19},
    url = {http://www.ncbi.nlm.nih.gov/pubmed/21412647},
    issn = {0104-1169},
    pmid = {21412647},
    keywords = {Fuzzy Logic, Nursing}
}

@book{LeitholdVol1,
    title = {{O C{\'{a}}lculo com Geometria Anal{\'{i}}tica}},
    year = {1994},
    author = {{Louis Leithold}},
    edition = {3},
    volume = {1},
    publisher = {Editora Harbra},
    address = {S{\~{a}}o Paulo}
}

@book{Leithold2,
    title = {{O C{\'{a}}lculo com Geometria Analitica}},
    year = {1994},
    author = {Leithold, Louis},
    edition = {6},
    volume = {2},
    publisher = {HARBRA},
    address = {S{\~{a}}o Paulo}
}

@article{Siqueira2013,
    title = {{O COEFICIENTE DE REOXIGENA{\c{C}}{\~{A}}O NO MODELO QUAL2E: METODOLOGIA DE PREVIS{\~{A}}O}},
    year = {2013},
    journal = {ABES - Associa{\c{c}}{\~{a}}o Brasileira de Engenharia Sanit{\'{a}}ria e Ambiental},
    author = {Siqueira, Eduardo Queija De and Cunha, Alan Cavalcanti da},
    number = {1},
    volume = {20}
}

@article{Tahanb,
    title = {{O Homem Que Calculava}},
    author = {Tahan, Malba}
}

@book{Tahanc,
    title = {{O Homem que Calculava}},
    author = {Tahan, Malba},
    isbn = {9788501403674}
}

@book{Ellenberg,
    title = {{O poder do pensamento matem{\'{a}}tico}},
    author = {Ellenberg, Jordan},
    publisher = {lelivros}
}

@article{OLIVEIRA2013,
    title = {{O QUE VIU O RIO- REPORTAGEM SOBRE A RELA{\c{C}}{\~{A}}O ENTRE O RIO CACHOEIRA E A CIDADE DE ITABUNA (BA)}},
    year = {2013},
    author = {OLIVEIRA, FREDERICO VAN ERVEN CABALA},
    pages = {1--34}
}

@phdthesis{SOUSA2005,
    title = {{O RIO CACHOEIRA AQU{\'{E}}M DE SUA POESIA: imagin{\'{a}}rio das {\'{a}}guas e sustentabilidade ambiental atrav{\'{e}}s do turismo litor{\^{a}}neo de Ilh{\'{e}}us -BA}},
    year = {2005},
    author = {SOUSA, MARIVALDA GUIMARÃES and {O}},
    school = {Universidade Estadual de Santa Cruz},
    address = {ILH{\'{E}}US}
}

@article{Luis2009,
    title = {{O U SO DO M ODELO QUAL2K COMO S UBS{\'{I}}DIO {\`{A}} S ELE{\c{C}}{\~{A}}O DE A LTERNATIVAS DE T RATAMENTO DE E SGOTOS – E STUDO DE C ASO : M UNIC{\'{I}}PIO DE S {\~{A}}O S IM{\~{A}}O -SP}},
    year = {2009},
    author = {Luis, André and Dibiazi, Bigaram},
    number = {16},
    pages = {37--54}
}

@book{SimonSingh,
    title = {{O {\`{u}}ltimo Teorema de Fermat}},
    author = {{Simon Singh}},
    isbn = {9788577994625}
}

@book{SimonSingha,
    title = {{O {\`{u}}ltimo Teorema de Fermat}},
    author = {{Simon Singh}},
    isbn = {9788577994625}
}

@article{Mello,
    title = {{O USO DE L{\'{O}}GICA FUZZY PARA AVALIA{\c{C}}{\~{A}}O DE IM{\'{O}}VEIS E EXEMPLOS DE APLICA{\c{C}}{\~{A}}O}},
    author = {Mello, Renato de and Santello, Rubens},
    pages = {904--927},
    doi = {1676-1901}
}

@article{Adjunto,
    title = {{OPERADORES LINEARES Operador Normal Exerc{\'{i}}cios}},
    author = {Adjunto, Operador and Auto-adjunto, Operador and Ortogonal, Operador and Normal, Operador},
    pages = {93--95}
}

@book{NumBookSchiesser,
    title = {{Ordinary and Partial Differential Equation Routines in C , C ++ , Fortran, Java, Maple and MATLAB}},
    year = {2004},
    author = {Schiesser, W.E. and Lee, H.J.},
    publisher = {CHAPMAN {\&} HALL/CRC A},
    isbn = {1584884231}
}

@techreport{Sirovicha,
    title = {{Ordinary Differential Equations with Applications}},
    author = {Sirovich, L and Holmes, P and Barkley, D and Dellnitz, M and Newton, P},
    publisher = {Springer},
    isbn = {9780387307695}
}

@article{Sautoy,
    title = {{Os Mist{\'{e}}rios dos N{\'{u}}meros}},
    author = {Sautoy, Marcus du}
}

@article{Aticaa,
    title = {{P OS-GRADUAC ¸ AO APLICADA C ODIGO NOTA A1 DEZEMBRO 2007}},
    author = {Atica, E M Matem}
}

@book{StevenWeinberg,
    title = {{Para explicar o mundo}},
    author = {{Steven Weinberg}}
}

@article{Elen,
    title = {{Par{\^{a}}metros de caracteriza{\c{c}}{\~{a}}o da qualidade das {\'{a}}guas e efluentes industriais}},
    author = {Elen, Dra and Perpetuo, Aquino}
}

@article{Symesb,
    title = {{Partial Differential Equations of Mathematical Physics}},
    author = {Symes, William W}
}

@article{Estadual2010d,
    title = {{PEIXES COMO INDICADORES DE QUALIDADE AMBIENTAL EM UM TRECHO DO RIO CACHOEIRA , BAHIA PEIXES COMO INDICADORES DE QUALIDADE AMBIENTAL EM UM TRECHO DO RIO CACHOEIRA , BAHIA}},
    year = {2010},
    author = {Estadual, Universidade and Cruz, D E Santa and Silva, Augusta Miranda}
}

@article{Baroni,
    title = {{Piadas Nerdes}},
    author = {Baroni, Ivan}
}

@book{MinisteriodoMeioAmbiente2006,
    title = {{Plano Nacional de Recursos H{\'{i}}dricos. S{\'{i}}ntese Executiva}},
    year = {2006},
    author = {Minist{\'{e}}rio do Meio Ambiente, Secretaria de Recursos Hídricos.},
    pages = {135},
    address = {Bras{\'{i}}lia},
    isbn = {8577380130}
}

@article{FLECK2013,
    title = {{PRINCIPAIS MODELOS MATEM{\'{A}}TICOS DE QUALIDADE DA {\'{A}}GUA E SUAS APLICA{\c{C}}ÕES : UMA REVIS{\~{A}}O}},
    year = {2013},
    journal = {Revista Eletr{\^{o}}nica Cient{\'{i}}fica Inova{\c{c}}{\~{a}}o e Tecnologia},
    author = {FLECK, Leandro and TAVARES, Maria Herminia Ferreira and EYNG, Eduardo},
    pages = {47--62},
    volume = {01}
}

@article{Correa2003,
    title = {{Probabilidade e estat{\'{i}}stica}},
    year = {2003},
    journal = {PUC Minas Virtual},
    author = {Correa, Sônia Maria Barros Barbosa},
    pages = {116},
    url = {http://estpoli.pbworks.com/f/livro_probabilidade_estatistica_2a_ed.pdf},
    isbn = {9788576485001},
    doi = {10.1121/1.2935651},
    issn = {00014966},
    pmid = {885686}
}

@book{Oliver2013a,
    title = {{Probability demystified}},
    year = {2013},
    booktitle = {Journal of Chemical Information and Modeling},
    author = {Bluman, Allan G.},
    number = {9},
    pages = {1689--1699},
    volume = {53},
    isbn = {9788578110796},
    doi = {10.1017/CBO9781107415324.004},
    issn = {1098-6596},
    pmid = {25246403},
    arxivId = {arXiv:1011.1669v3},
    keywords = {icle}
}

@article{Definidaa,
    title = {{Produto interno}},
    author = {Definida, Positiva},
    pages = {1--11}
}

@article{Definida,
    title = {{Produto interno}},
    author = {Definida, Positiva},
    pages = {76--85}
}

@article{Morilla2009,
    title = {{Prof . Jos{\'{e}} Carlos Morilla}},
    year = {2009},
    author = {Morilla, José Carlos},
    pages = {1--42}
}

@phdthesis{Cantao2003,
    title = {{Programa{\c{c}}{\~{a}}o n{\~{a}}o-linear com parametros fuzzy: teoria e algoritmos}},
    year = {2003},
    author = {Cant{\~{a}}o, Luiza Amalia Pinto},
    month = {3},
    publisher = {Biblioteca Digital da Unicamp},
    url = {http://www.bibliotecadigital.unicamp.br/document/?code=vtls000289995&opt=4},
    keywords = {Constitutional and consumerists proving garantees, Numeros difusos, Programa{\c{c}}{\~{a}}o (Matematica), Programa{\c{c}}{\~{a}}o n{\~{a}}o-linear},
    language = {por}
}

@misc{Math2014,
    title = {{Programming Fundamentals Matlab}},
    year = {2014},
    author = {{Math works}}
}

@article{Sandea,
    title = {{Prospec{\c{c}}{\~{a}}o de moluscos bivalves no estudo da polui{\c{c}}{\~{a}}o dos rios Cachoeira e Santana em Ilh{\'{e}}us , Bahia , Brasil}},
    author = {Sande, Denise and Melo, Tauá A and Simone, Gílvia and Oliveira, Andrade and Barreto, Lidiane and Talbot, Teddy and Boehs, Guisla and Andrioli, João Luciano},
    pages = {190--196},
    keywords = {bivalve molluscs, pathogenic enterobacteria, pollution, quality of water, thermtolerant coliforms}
}

@article{Sande,
    title = {{Prospec{\c{c}}{\~{a}}o de moluscos bivalves no estudo da polui{\c{c}}{\~{a}}o dos rios Cachoeira e Santana em Ilh{\'{e}}us , Bahia , Brasil}},
    author = {Sande, Denise and Melo, Tauá A and Simone, Gílvia and Oliveira, Andrade and Barreto, Lidiane and Talbot, Teddy and Boehs, Guisla and Andrioli, João Luciano},
    pages = {190--196},
    keywords = {bivalve molluscs, pathogenic enterobacteria, pollution, quality of water, thermtolerant coliforms}
}

@book{Tensorial,
    title = {{Publica{\c{c}}ões Matem{\'{a}}ticas}},
    author = {Tensorial, Cálculo},
    isbn = {9788524403132}
}

@article{Version1995,
    title = {{QUAL2E}},
    year = {1995},
    author = {Version, Basins},
    pages = {65--70}
}

@article{Rezendea,
    title = {{QUAL2E PARA O ESTUDO DO COMPORTAMENTO DOS NUTRIENTES NITROG{\^{E}}NIO E F{\'{O}}SFORO NO RIO MONJOLINHO , S{\~{A}}O CARLOS - SP .}},
    author = {Rezende, Gabriela Rahal De},
    pages = {1--16}
}

@article{Sates1995,
    title = {{QUAL2E Windows Interface User ' s Guide}},
    year = {1995},
    author = {Sates, United},
    number = {August}
}

@article{Knapika,
    title = {{QUALIDADE DA {\'{A}}GUA DA BACIA DO RIO IGUA{\c{C}}U : Diferen{\c{c}}as conceituais entre os modelos QUAL2E e QUAL2K}},
    author = {Knapik, Heloise G and Bassanesi, Karine and Fernandes, Cristovão V S},
    pages = {1--20}
}

@article{Fleck2013b,
    title = {{qualidade da {\'{a}}gua para gest{\~{a}}o dos recursos h{\'{i}}dricos}},
    year = {2013},
    journal = {Ambi{\^{e}}ncia Guarapuava (PR)},
    author = {Fleck, Leandro and Tavares, Maria Hermínia Ferreira and Eyng, Eduardo},
    number = {3},
    pages = {487--503},
    volume = {9}
}

@article{Coradi1998,
    title = {{Qualidade da {\'{a}}gua superficial da bacia hidrogr{\'{a}}fica da lagoa mirim}},
    year = {1998},
    author = {Coradi, Paulo Carteri and Pereira-ramirez, Orlando and Fia, Ronaldo},
    pages = {53--64},
    keywords = {1 dpto, 2 dpto, antonio, bascar{\'{a}}n, br, cnpq, com, de engenharia agr{\'{i}}cola, e-mail, e-mails, fia, matos, monitoring, paulocoradi, pereira, pq, ramirez, rivers, ronaldo, terra, ufpel, ufv, water quality index, yahoo}
}

@phdthesis{Resende2006b,
    title = {{Qualidade de Servi¸ co em Rede IP Utilizando L{\'{o}}ogica Fuzzy}},
    year = {2006},
    author = {Resende, Raulison Alves},
    month = {7},
    publisher = {Biblioteca Digital da Unicamp},
    url = {http://www.bibliotecadigital.unicamp.br/document/?code=vtls000386158&opt=4},
    keywords = {(QoS) routing, Analise de redes (Planejamento), Constitutional and consumerists proving garantees, Fuzzy logic, Intranets (Redes de computa{\c{c}}{\~{a}}o), Linguistic rule, Logica difusa, Provedores de servi{\c{c}}os da Internet, Quality of service, Redes de computa{\c{c}}{\~{a}}o - Protocolos, Shortest path, Sistemas de controle ajustavel, Telecomunica{\c{c}}ões - Trafego},
    language = {por}
}

@article{Soares2013,
    title = {{Quim. Nova,}},
    year = {2013},
    author = {Soares, José and Mendes, Flávio and Souza, De and L{\'{u}}cia, Maria},
    number = {2},
    pages = {230--236},
    volume = {36},
    keywords = {availability of metals, sediment samples, toxic element}
}

@phdthesis{Huamani2003b,
    title = {{Redes Neurais Fuzzy Aplicadas em Identifica{\c{c}}{\~{a}}o e Controle de Sistemas}},
    year = {2003},
    author = {Huaman{\'{i}}, Ivette R. Luna},
    month = {8},
    publisher = {Biblioteca Digital da Unicamp},
    url = {http://www.bibliotecadigital.unicamp.br/document/?code=vtls000321472&opt=4},
    keywords = {Constitutional and consumerists proving garantees, Identifica{\c{c}}{\~{a}}o de sistemas, Logica difusa, Redes neurais (Computa{\c{c}}{\~{a}}o)},
    language = {por}
}

@article{Silva2009,
    title = {{Relationship Between Water Quality and Land use Along a Stretch of the Sorocaba River (SP)}},
    year = {2009},
    journal = {Journal of the Brazilian Society of Ecotoxicology},
    author = {Silva, a.M. and Rosa, a.H. and Antunes, F.M. and Nogueira, D.P. and Lessa, S.S.},
    number = {1-3},
    pages = {65--71},
    volume = {4},
    url = {http://ecotoxbrasil.org.br/index.php?option=com_rokdownloads&view=file&task=download&id=434%3Arelationship-between-water-quality-and-land-use-along-a-stretch-of-the-sorocaba-river-sp-pp&Itemid=53},
    doi = {10.5132/jbse.2009.01.009},
    issn = {18098401},
    keywords = {environmental analysis, sorocaba river, water contamination, water quality indicators}
}

@article{Nacional2005,
    title = {{RESOLU{\c{C}}{\~{A}}O CONAMA N{\textordmasculine} 357, DE 17 DE MAR{\c{C}}O DE 2005}},
    year = {2005},
    author = {Nacional, O Conselho and Meio, D O}
}

@article{Do2011,
    title = {{RESOLU{\c{C}}{\~{A}}O No 430, DE 13 DE MAIO DE 2011}},
    year = {2011},
    author = {Do, Acional}
}

@book{Stewart2010,
    title = {{Respostas James Stwart- Vol 1}},
    year = {2010},
    author = {Stewart, James},
    number = {2},
    pages = {19--28},
    isbn = {0534393217},
    doi = {10.1016/S0007-1536(73)80021-X}
}

@incollection{Stewartc,
    title = {{Respostas Stwart Vol 1}},
    author = {Stewart, James}
}

@article{Jordan,
    title = {{Revendo Operadores}},
    author = {Jordan, Forma Canônica De},
    pages = {51--54}
}

@book{MurraySpiegel,
    title = {{Schaum's Outline of Theory and Problems of Fourier Analisys}},
    year = {1993},
    author = {Spiegel, Murray R},
    publisher = {McGraw-Hill}
}

@book{Spiegelc,
    title = {{Schaums's -Laplace Transforms}},
    author = {Spiegel, Murray R}
}

@article{Santos2001,
    title = {{Se ¸ c o ˜ es Cˆ onicas Cˆ onicas N ˜ ao Degeneradas}},
    year = {2001},
    author = {Santos, Reginaldo J},
    number = {2}
}

@incollection{Amaral2007,
    title = {{S{\'{e}}ries de Fourier e Equa¸cões Diferenciais Parciais}},
    year = {2007},
    author = {Santos, Reginaldo J.}
}

@article{Margon2013,
    title = {{Simula{\c{c}}{\~{a}}o computacional da qualidade da {\'{a}}gua do rio santa joana (es) com aux{\'{i}}lio do m{\'{e}}todo de monte carlo}},
    year = {2013},
    author = {Margon, Isabela Fadini}
}

@article{Sergio2004,
    title = {{SIMULA{\c{C}}{\~{A}}O DA QUALIDADE DAS {\'{A}}GUAS DO ALTO RIO DAS VELHAS / MG UTILIZANDO O MODELO QUAL2E}},
    year = {2004},
    author = {Reis, José Sérgio Aleluia dos and Mello, ECarlos Eduardo Ferraz de},
    number = {357}
}

@phdthesis{Leite2004,
    title = {{Simula{\c{c}}{\~{a}}o do lan{\c{c}}amento de esgotos dom{\'{e}}sticos em rios usando um modelo de qualidade d'{\'{a}}gua, SisBAHIA{\textregistered}}},
    year = {2004},
    author = {Leite, Por Alfredo Estevão de Barros},
    school = {DSSA/ENSP/FIOCRUZ},
    address = {Rio de Janeiro}
}

@phdthesis{Souza2006,
    title = {{SIMULA{\c{C}}{\~{A}}O HIDRODIN{\^{A}}MICA DA QUALIDADE DA {\'{A}}GUA . ESTUDO DE CASO : AJUSTE DO MODELO CE-QUAL-W2 {\`{A}} SUB-BACIA DO ARROIO DEM{\'{E}}TRIO , BACIA HIDROGR{\'{A}}FICA DO RIO GRAVATA{\'{I}} / RS}},
    year = {2006},
    author = {Souza, Rafael Siqueira}
}

@article{Zou2018,
    title = {{Single Variable Calculus}},
    year = {2018},
    journal = {Single Variable Calculus},
    author = {Zou, Yunzhi},
    doi = {10.1515/9783110527780}
}

@article{Em2005,
    title = {{Sistema inteligente de monitora{\c{c}}{\~{a}}o alimentar via web baseado em l{\'{o}}gica fuzzy}},
    year = {2005},
    author = {Em, Programa D E Pós-graduação and Da, Ciência}
}

@article{Em,
    title = {{SISTEMAS BASEADOS EM CONHECIMENTO E L{\'{O}}GICA DIFUSA PARA SIMULA{\c{C}}{\~{A}}O DO PROCESSO CHUVA-VAZ{\~{A}}O Val{\'{e}}ria Maria de Souza Barbalho}},
    author = {Em, Ciências and Civil, Engenharia},
    keywords = {barbalho, baseados em conhecimento e, difusa para simula{\c{c}}{\~{a}}o do, docente da coordena{\c{c}}{\~{a}}o dos, l{\'{o}}gica, processo chuva-vaz{\~{a}}o, programas de p{\'{o}}s-, tese submetida ao corpo, val{\'{e}}ria maria de souza}
}

@article{Especiaisa,
    title = {{Sistemas de equa{\c{c}}ões lineares}},
    author = {Especiais, Matrizes},
    keywords = {de equa{\c{c}}ões lineares}
}

@article{Especiais,
    title = {{Sistemas de equa{\c{c}}ões lineares}},
    author = {Especiais, Matrizes},
    keywords = {de equa{\c{c}}ões lineares}
}

@article{Especiaisb,
    title = {{Sistemas de equa{\c{c}}ões lineares}},
    author = {Especiais, Matrizes},
    keywords = {de equa{\c{c}}ões lineares}
}

@article{Trofino,
    title = {{Sistemas Lineares Universidade Federal de Santa Catarina}},
    author = {Trofino, Prof Alexandre},
    keywords = {alexandre trofino, departamento de automa, lineares, prof}
}

@phdthesis{Barros1997a,
    title = {{Sobre sistemas dinamicos fuzzy : teoria e aplica{\c{c}}ões}},
    year = {1997},
    author = {Barros, Laecio Carvalho de},
    month = {3},
    publisher = {Biblioteca Digital da Unicamp},
    url = {http://www.bibliotecadigital.unicamp.br/document/?code=000116062&opt=4},
    school = {UNICAMP},
    keywords = {Constitutional and consumerists proving garantees, Sistemas fuzzi},
    language = {por}
}

@phdthesis{Barros1997,
    title = {{SOBRE SISTEMAS DIN{\^{A}}MICOS FUZZY Teoria e Aplica{\c{c}}ões}},
    year = {1997},
    author = {Barros, Laécio Carvalho de}
}

@article{Deb,
    title = {{Solu{\c{c}}ões para os exerc{\'{i}}cios selecionados}},
    author = {De, Conjunto},
    number = {coluna 1},
    pages = {1--45},
    volume = {3}
}

@article{Carvalhob,
    title = {{SUBTERR{\^{A}}NEAS NA BACIA HIDROGR{\'{A}}FICA DO RIO SORDO ( VILA REAL ) PELO M{\'{E}}TODO FUZZY -DRASTIC}},
    author = {Carvalho, G J P},
    pages = {65--76},
    volume = {31},
    keywords = {contamination, groundwater resources}
}

@article{Coordenadora2008,
    title = {{Sum{\'{a}}rio}},
    year = {2008},
    author = {Coordenadora, Graciela Moro and Deeke, Fernando and Mota, Jorge and Luis, Marnei}
}

@article{Cordes2009,
    title = {{S´eries de Fourier Reginaldo}},
    year = {2009},
    author = {Santos, Reginaldo J.},
    number = {2},
    pages = {55--67}
}

@article{Dn2005,
    title = {{T {\_} AgO}},
    year = {2005},
    author = {Dn, Ago and Date, B R}
}

@incollection{Mec,
    title = {{Tensores}},
    author = {Mec, Engenharia},
    pages = {1--29}
}

@article{Barros2002,
    title = {{Teoria Fuzzy x Biomatem{\'{a}}tic}},
    year = {2002},
    author = {Barros, Laécio Carvalho}
}

@article{Resumoe,
    title = {{Testes propostos Cap{\'{i}}tulo Lan{\c{c}}amento horizontal e lan{\c{c}}amento 9}},
    author = {Resumo, Menu},
    pages = {1--6},
    volume = {1}
}

@book{Davis1915b,
    title = {{The calculus}},
    year = {1997},
    booktitle = {Mastering Mathematics},
    author = {Buckwell, Geoff and Buckwell, Geoff},
    pages = {382--394},
    doi = {10.1007/978-1-349-14131-9{\_}17}
}

@book{Abbott2001,
    title = {{The Laplace Transform: Theory and Applications}},
    year = {2001},
    booktitle = {Springer},
    author = {Schiff, Joel L.},
    number = {502},
    month = {3},
    pages = {178},
    volume = {85},
    url = {http://www.jstor.org/stable/3620536?origin=crossref},
    doi = {10.2307/3620536},
    issn = {00255572}
}

@article{Tam1996,
    title = {{Theory and Applications}},
    year = {1996},
    author = {Tam, Kin Yip and Larsen, Jane P and Coles, Barry A and Compton, Richard G},
    pages = {23--35},
    volume = {407},
    isbn = {0306486814},
    doi = {10.1111/j.1365-246X.2012.05469.x},
    issn = {1616-6361},
    arxivId = {arXiv:1502.04897v1},
    keywords = {channel flow cell, impedance spectroscopy, solid i liquid interface}
}

@misc{Spiegelb,
    title = {{Theory and Problems of Fourier Analysis (Schaum's Outline )}},
    author = {Spiegel, Murray R.},
    publisher = {Schaum's Outline}
}

@article{Paula2012a,
    title = {{Tipologias Hidroqu{\'{i}}micas das Bacias Hidrogr{\'{a}}ficas do Leste da Bahia Tipologias Hidroqu{\'{i}}micas das Bacias Hidrogr{\'{a}}ficas do Leste da Bahia}},
    year = {2012},
    author = {Paula, De and Paula, Francisco C F De and Silva, Daniela M L and Souza, M},
    number = {4},
    pages = {365--373},
    volume = {4},
    keywords = {dissolved nutrients, salinity, suspended solids}
}

@article{Paula2012,
    title = {{Tipologias Hidroqu{\'{i}}micas das Bacias Hidrogr{\'{a}}ficas do Leste da Bahia Tipologias Hidroqu{\'{i}}micas das Bacias Hidrogr{\'{a}}ficas do Leste da Bahia}},
    year = {2012},
    author = {Paula, De and Paula, Francisco C F De and Silva, Daniela M L and Souza, M},
    number = {4},
    pages = {365--373},
    volume = {4},
    keywords = {dissolved nutrients, salinity, suspended solids}
}

@incollection{Hussey2012,
    title = {{T{\'{o}}picos de EDO}},
    year = {2012},
    author = {Santos, Reginaldo J. and Pate, R C and Laboratories, Sandia National},
    pages = {1171--1174}
}

@incollection{Santos2009a,
    title = {{T{\'{O}}PICOS DE EQUACOES DIFERENCIAIS}},
    year = {2009},
    author = {Santos, Reginaldo J.}
}

@book{Pavia,
    title = {{Tradu{\c{c}}{\~{a}}o da 4 a edi{\c{c}}{\~{a}}o norte-americana}},
    author = {Pavia, Donald L and Lampman, Gary M and Kriz, George S and Vyvyan I N T R O D U {\c{C}} {\~{A}} O {\`{A}} Espectroscopia, James R},
    isbn = {9788522106011}
}

@article{Sejamb,
    title = {{TRANSFORMA{\c{C}}ÕES LINEARES}},
    author = {Sejam, V and W, T V},
    volume = {3}
}

@article{En2003,
    title = {{Transformada de Fourier}},
    year = {2003},
    author = {Santos, Reginaldo J.},
    number = {April},
    pages = {33--36},
    keywords = {and r esea rch, ch ina educa tion, d ig ita l, lang uag e, lea rn ing resou, m useum, n etw o rk, p anoram a, rces con struction on, rep resen ta tion, suppo rt the distance, t he, the cern et}
}

@article{Sodre2003,
    title = {{Transformadas de fourier}},
    year = {2003},
    author = {Sodr{\'{e}}, Prof Ulysses}
}

@phdthesis{Campos2012,
    title = {{TRATAMENTO CONJUGADO DE LIXIVIADO DE ATERRO SANIT{\'{A}}RIO E ESGOTO SANIT{\'{A}}RIO EM LAGOAS DE ESTABILIZA{\c{C}}{\~{A}}O RASAS}},
    year = {2012},
    author = {Campos, Andrezza Raphaella Costa},
    school = {UNIVERSIDADE ESTADUAL DA PARA{\'{I}}BA PRO},
    address = {CAMPINA GRANDE-PB}
}

@book{Outlines,
    title = {{Trigonometria}},
    author = {Outlines, Shaums's},
    edition = {4},
    isbn = {9780071543507}
}

@article{Elettreby2009,
    title = {{Two-prey one-predator model}},
    year = {2009},
    journal = {Chaos, Solitons {\&} Fractals},
    author = {Elettreby, M.F.},
    number = {5},
    month = {3},
    pages = {2018--2027},
    volume = {39},
    url = {http://linkinghub.elsevier.com/retrieve/pii/S0960077907004511},
    doi = {10.1016/j.chaos.2007.06.058},
    issn = {09600779}
}

@book{Guidorizzib,
    title = {{Um curso de c{\'{a}}lculo}},
    year = {1987},
    author = {Guidorizzi, Hamilton Luiz},
    pages = {68 a 83, 154 a 172 e 245 a 283},
    volume = {1},
    isbn = {8521612591 9788521612599}
}

@book{Guidorizzif,
    title = {{Um curso de c{\'{a}}lculo vol. 1}},
    author = {Guidorizzi, Hamilton Luiz}
}

@book{Guidorizzi,
    title = {{Um Curso de C{\'{a}}lculo vol. 1}},
    author = {Guidorizzi, Hamilton Luiz}
}

@book{Guidorizzic,
    title = {{Um Curso de C{\'{a}}lculo Vol.2}},
    author = {Guidorizzi, Hamilton Luiz}
}

@misc{Guidorizzia,
    title = {{Um Curso de C{\'{a}}lculo Vol.4}},
    author = {Guidorizzi, Hamilton Luiz}
}

@misc{Guidorizzi2008,
    title = {{Um Curso de C�lculo - Vol.1}},
    year = {2008},
    author = {Guidorizzi, Hamilton Luiz},
    volume = {1}
}

@book{Universitaria2014,
    title = {{Um Curso de GA e Algebra Linear}},
    year = {2014},
    author = {Santos, Reginaldo J.},
    isbn = {8574700061},
    keywords = {1, 1 m{\'{e}}todo de gauss-jordan, 2, 2 matrizes equivalentes por, 3 sistemas lineares homog{\^{e}}neos, de equa{\c{c}}ões lineares, linhas}
}

@article{Federal2005,
    title = {{Um modelo heur{\'{i}}stico para a programa{\c{c}}{\~{a}}o da produ{\c{c}}{\~{a}}o em fundi{\c{c}}ões com utiliza{\c{c}}{\~{a}}o da l{\'{o}}gica}},
    year = {2005},
    author = {Federal, Universidade and Catarina, D E Santa and Landmann, Raul}
}

@book{IanStewart,
    title = {{Uma hist{\'{o}}ria da Simetria na Matem{\'{a}}tica}},
    author = {{Ian Stewart}}
}

@article{Aplicadas2004,
    title = {{Uma introdu{\c{c}}{\~{a}}o ao estudo da l{\'{o}}gica}},
    year = {2004},
    author = {Aplicadas, Sociais},
    pages = {1--16},
    keywords = {{\_}{\_}{\_}{\_}{\_}{\_}{\_}{\_}{\_}{\_}{\_}{\_}{\_}{\_}{\_}{\_}{\_}{\_}{\_}{\_}{\_}{\_}{\_}{\_}{\_}{\_}{\_}{\_}{\_}{\_}{\_}{\_}{\_}{\_}{\_}{\_}{\_}{\_}{\_}{\_}{\_}{\_}{\_}{\_}{\_}{\_}{\_}{\_}{\_}{\_}, fuzzy logic, linguistic variable, risk, uncertainty}
}

@book{Computations,
    title = {{undamentals of Matrix Computations}},
    author = {Computations, Matrix},
    isbn = {0471213942}
}

@book{Ribet,
    title = {{Undergraduate Texts in Mathematics}},
    author = {Ribet, K A and Analysis, Abbott Understanding},
    isbn = {9780387305301}
}

@article{Resid2006b,
    title = {{Universidade Estadual de Santa Cruz}},
    year = {2006},
    author = {Resid, Tempo D E and Tr, Estado}
}

@article{Indicador2006b,
    title = {{Universidade Estadual de Santa Cruz}},
    year = {2006},
    author = {Indicador, D O and Ambiental, D E Salubridade and Determina, N A and Do, Fica and Cachoeira, R I O}
}

@article{Resid2006a,
    title = {{Universidade Estadual de Santa Cruz}},
    year = {2006},
    author = {Resid, Tempo D E and Tr, Estado}
}

@article{Salgado2003,
    title = {{Universidade Estadual de Santa Cruz}},
    year = {2003},
    author = {Salgado, Rio}
}

@article{Resid2006,
    title = {{Universidade Estadual de Santa Cruz}},
    year = {2006},
    author = {Resid, Tempo D E and Tr, Estado}
}

@article{Indicador2006a,
    title = {{Universidade Estadual de Santa Cruz}},
    year = {2006},
    author = {Indicador, D O and Ambiental, D E Salubridade and Determina, N A and Do, Fica and Cachoeira, R I O}
}

@article{Indicador2006c,
    title = {{Universidade Estadual de Santa Cruz}},
    year = {2006},
    author = {Indicador, D O and Ambiental, D E Salubridade and Determina, N A and Do, Fica and Cachoeira, R I O}
}

@article{Salgado2003c,
    title = {{Universidade Estadual de Santa Cruz}},
    year = {2003},
    author = {Salgado, Rio}
}

@article{Salgado2003b,
    title = {{Universidade Estadual de Santa Cruz}},
    year = {2003},
    author = {Salgado, Rio}
}

@article{Salgado2003e,
    title = {{Universidade Estadual de Santa Cruz}},
    year = {2003},
    author = {Salgado, Rio}
}

@article{Salgado2003a,
    title = {{Universidade Estadual de Santa Cruz}},
    year = {2003},
    author = {Salgado, Rio}
}

@article{Salgado2003d,
    title = {{Universidade Estadual de Santa Cruz}},
    year = {2003},
    author = {Salgado, Rio}
}

@article{Maria2008,
    title = {{UNIVERSIDADE ESTADUAL DE SANTA CRUZ CURSO DE CI{\^{E}}NCIAS BIOL{\'{O}}GICAS BRENDA MARIA MORAES SANTOS An{\'{a}}lise histopatol{\'{o}}gica das br{\^{a}}nquias de}},
    year = {2008},
    author = {Maria, Brenda and Santos, Moraes}
}

@article{Maria2008a,
    title = {{UNIVERSIDADE ESTADUAL DE SANTA CRUZ CURSO DE CI{\^{E}}NCIAS BIOL{\'{O}}GICAS BRENDA MARIA MORAES SANTOS An{\'{a}}lise histopatol{\'{o}}gica das br{\^{a}}nquias de}},
    year = {2008},
    author = {Maria, Brenda and Santos, Moraes}
}

@article{Maria2008b,
    title = {{UNIVERSIDADE ESTADUAL DE SANTA CRUZ CURSO DE CI{\^{E}}NCIAS BIOL{\'{O}}GICAS BRENDA MARIA MORAES SANTOS An{\'{a}}lise histopatol{\'{o}}gica das br{\^{a}}nquias de}},
    year = {2008},
    author = {Maria, Brenda and Santos, Moraes}
}

@article{Regional2001a,
    title = {{Universidade Estadual de Santa Cruz DO RIO CACHOEIRA – REGI{\~{A}}O SUL DA BAHIA}},
    year = {2001},
    author = {Regional, Programa and Desenvolvimento, De Pós-graduação}
}

@article{Regional2001,
    title = {{Universidade Estadual de Santa Cruz DO RIO CACHOEIRA – REGI{\~{A}}O SUL DA BAHIA}},
    year = {2001},
    author = {Regional, Programa and Desenvolvimento, De Pós-graduação}
}

@article{Matlab2010,
    title = {{Universidade Estadual Paulista Faculdade de Ci{\^{e}}ncias e Tecnologia Campus de Presidente Prudente CONSTRUINDO INTERFACES GR{\'{A}}FICAS Sum{\'{a}}rio}},
    year = {2010},
    author = {Matlab, C O M O and Fioravante, Alexandre and Dfqb, De Siqueira and Unesp, F C T}
}

@article{Ribeiro,
    title = {{Usabilidade de Sistemas : Aplica{\c{c}}{\~{a}}o da L{\'{o}}gica Fuzzy na avalia{\c{c}}{\~{a}}o do sistema IPod}},
    author = {Ribeiro, Luiz Fernando and Soares, Maria Augusta and Filho, Parente and Ibmec, Faculdades and Santos, Rodrigo Dos}
}

@article{Cruz2005,
    title = {{Using Fuzzy sets theory to analyze environmental condition in order to improve animal productivity}},
    year = {2005},
    author = {Cruz, Vasco Fitas and Rural, Depto De Engenharia and Evora, Universidade De},
    pages = {29--40},
    volume = {15}
}

@article{Pesquisa2005,
    title = {{Uso da teoria dos conjuntos fuzzy para a an{\'{a}}lise do efeito da concentra{\c{c}}{\~{a}}o de sal e de {\'{a}}cido c{\'{i}}trico na obten{\c{c}}{\~{a}}o de tomate seco osmoticamente tratado .}},
    year = {2005},
    author = {Pesquisa, Centro De and Frutas, De and Camargo, Gisele Anne},
    pages = {13070}
}

@phdthesis{BARBARA2006a,
    title = {{USO DO MODELO QUAL2E NO ESTUDO DA QUALIDADE DA {\'{A}}GUA E DA CAPACIDADE DE AUTODEPURA{\c{C}}{\~{A}}O DO RIO ARAGUARI - AP ( AMAZ{\^{O}}NIA )}},
    year = {2006},
    author = {B{\'{A}}RBARA, VINÍCIU FAGUNDES},
    school = {Universidade Federal de Goi{\'{a}}s},
    address = {Goi{\^{a}}nia/GO -}
}

@phdthesis{BARBARA2006,
    title = {{USO DO MODELO QUAL2E NO ESTUDO DA QUALIDADE DA {\'{A}}GUA E DA CAPACIDADE DE AUTODEPURA{\c{C}}{\~{A}}O DO RIO ARAGUARI - AP ( AMAZ{\^{O}}NIA ) Goi{\^{a}}nia / GO}},
    year = {2006},
    author = {B{\'{A}}RBARA, VINÍCIU FAGUNDES}
}

@article{Dra,
    title = {{Utiliza{\c{c}}{\~{a}}o da l{\'{o}}gica nebulosa na educa{\c{c}}{\~{a}}o virtual}},
    author = {Dra, Profa and Augusta, Maria and Machado, Soares}
}

@article{Cetra,
    title = {{Utiliza{\c{c}}{\~{a}}o de {\'{i}}ndices ecol{\'{o}}gicos em assembl{\'{e}}ias de peixes como instrumento de avalia{\c{c}}{\~{a}}o da degrada{\c{c}}{\~{a}}o ambiental em programas de monitoramento Introdu{\c{c}}{\~{a}}o Material e M{\'{e}}todos}},
    author = {Cetra, Mauricio and Malabarba, Luiz Roberto and Alegre, Porto},
    number = {4},
    volume = {10},
    keywords = {10, 4, abstract, article, avalia{\c{c}}{\~{a}}o da degrada{\c{c}}{\~{a}}o ambiental, biota, biotaneotropica, bn03710042010, br, cetra, em assembl{\'{e}}ias de, em programas de monitoramento, environmental impact, f, flores-lopes, gua{\'{i}}ba lake, http, integrated quality index, l, m, malabarba, neotrop, org, peixes como instrumento de, pt, r, utiliza{\c{c}}{\~{a}}o de {\'{i}}ndices ecol{\'{o}}gicos, v10n4, www}
}

@phdthesis{Oppa2007,
    title = {{UTILIZA{\c{C}}{\~{A}}O DE MODELO MATEM{\'{A}}TICO DE QUALIDADE DA {\'{A}}GUA PARA AN{\'{A}}LISE DE ALTERNATIVAS DE ENQUADRAMENTO DO RIO VACACA{\'{I}} MIRIM}},
    year = {2007},
    author = {Oppa, Lorenza Ferreira},
    school = {UNIVERSIDADE FEDERAL DE SANTA MARIA},
    address = {Santa Maria, RS, Brasil}
}

@misc{Saude.2006,
    title = {{Vigil{\^{a}}ncia e controle da qualidade da {\'{a}}gua para consumo humano}},
    year = {2006},
    author = {Sa{\'{u}}de., Brasil. Ministério da Saúde. Secretaria de Vigilância em},
    pages = {212},
    address = {Anon, Vigil{\^{a}}ncia e controle da qualidade da {\'{a}}gua para consumo humano.},
    isbn = {8533412401}
}

@article{Palmieri2003,
    title = {{Vivian Palmieri Calibra{\c{c}}{\~{a}}o do Modelo Qual2E para o Rio Corumbata{\'{i}} ( SP ) Programa de P{\'{o}}s-Gradua{\c{c}}{\~{a}}o em Engenharia}},
    year = {2003},
    author = {Palmieri, Vivian}
}

@article{Claro2008,
    title = {{WAGNER CLEYTON FONSECA AJUSTE DO MODELO QUAL2K E SIMULA{\c{C}}{\~{A}}O DE AJUSTE DO MODELO QUAL2K E SIMULA{\c{C}}{\~{A}}O DE}},
    year = {2008},
    author = {Claro, Campus De Rio}
}

@article{Claro2008a,
    title = {{WAGNER CLEYTON FONSECA AJUSTE DO MODELO QUAL2K E SIMULA{\c{C}}{\~{A}}O DE AJUSTE DO MODELO QUAL2K E SIMULA{\c{C}}{\~{A}}O DE}},
    year = {2008},
    author = {Claro, Campus De Rio}
}

@article{H2012,
    title = {{WATER QUALITY INDEX BASED ON FUZZY LOGIC APPLIED TO THE ABURRA RIVER BASIN IN THE JURISDICTION OF THE METROPOLITAN AREA UN {\'{I}}NDICE DE CALIDAD DE AGUA BASADO EN L{\'{O}}GICA DIFUSA ,}},
    year = {2012},
    author = {H, Juan D González},
    pages = {50--58},
    keywords = {artifi cial, basados en la inteligencia, bioindicators, con el fi n, de evaluar la aplicabilidad, de expertos, de m{\'{e}}todos de c{\'{a}}lculo, fuzzy inference system, fuzzy-logic, grandes retos ingenieriles en, ia, incluyendo herramientas computarizadas que, informaci{\'{o}}n incompleta e inexacta, las incertidumbres, las subjetividades y los, los problemas ambientales se, m{\'{a}}s con el uso, permiten, resumen, trabajan cada vez, usar razonamientos aproximados con, water quality indices, wqis, y con el apoyo}
}

@article{Mohamed2008,
    title = {{WATER QUALITY MODELS IN RIVER MANAGEMENT}},
    year = {2008},
    author = {Mohamed, Maketab},
    number = {December},
    pages = {14--26},
    volume = {2008}
}

@article{Camargo2010,
    title = {{Water quality prediction using the QUAL2Kw model in a small karstic watershed in Brazil}},
    year = {2010},
    journal = {Acta Limnologica Brasiliensia},
    author = {Camargo, Rodrigo De Arruda and Calijuri, Maria Lúcia and Santiago, Aníbal Da Fonseca and Couto, Eduardo De Aguiar De and Silva, Marcos Dornelas Freitas Machado e},
    number = {4},
    pages = {486--498},
    volume = {22},
    url = {http://doi.editoracubo.com.br/10.4322/actalb.2011.012},
    doi = {10.4322/actalb.2011.012},
    issn = {01026712}
}

@article{Pos-graduacao2008,
    title = {{Wil Lavor Lucena Camboim Disserta{\c{c}}{\~{a}}o de Mestrado apresentada {\`{a}} Universidade Federal da Para{\'{i}}ba para obten{\c{c}}{\~{a}}o do grau de Mestre .}},
    year = {2008},
    author = {P{\'{o}}s-gradua{\c{c}}{\~{a}}o, Programa De and Mec{\^{a}}nica, Engenharia and {\'{A}}gua, Sistemas D E Abastecimento D E},
    pages = {1--106},
    keywords = {de abastecimento de {\'{a}}gua}
}

@book{La2014,
    title = {{Xxvii reuni{\'{o}}n cient{\'{i}}fica}},
    year = {2014},
    author = {La, D E},
    isbn = {9780521803809},
    doi = {10.1002/jnm.479},
    issn = {08943370},
    pmid = {25246403},
    arxivId = {arXiv:1011.1669v3}
}

@book{Federal2012b,
    title = {{´ tica Aplicada Notas em Matem a}},
    year = {2012},
    author = {Federal, Universidade and Uberl, U F U and Paulista, Universidade Estadual and Preto, Rio},
    volume = {35},
    isbn = {9788586883965}
}

@book{Federal2012a,
    title = {{´ tica Aplicada Notas em Matem a}},
    year = {2012},
    author = {Federal, Universidade and Uberl, U F U and Paulista, Universidade Estadual and Preto, Rio},
    volume = {50},
    isbn = {9788586883699}
}

@book{Rafaeli2012b,
    title = {{´ tica Aplicada Notas em Matem a}},
    year = {2012},
    author = {Rafaeli, Fernando Rodrigo},
    volume = {59},
    isbn = {9788582150108}
}

@book{Rafaeli2012,
    title = {{´ tica Aplicada Notas em Matem a}},
    year = {2012},
    author = {Rafaeli, Fernando Rodrigo},
    volume = {63},
    isbn = {9788582150146}
}

@book{Janeiro2012a,
    title = {{´ tica Aplicada Notas em Matem a}},
    year = {2012},
    author = {Janeiro, Rio De},
    volume = {15},
    isbn = {9788586883828}
}

@book{Federal2012c,
    title = {{´ tica Aplicada Notas em Matem a}},
    year = {2012},
    author = {Federal, Universidade and Uberl, U F U and Paulista, Universidade Estadual and Preto, Rio},
    volume = {43},
    isbn = {9788582150030}
}

@book{Rafaeli2012a,
    title = {{´ tica Aplicada Notas em Matem a}},
    year = {2012},
    author = {Rafaeli, Fernando Rodrigo},
    volume = {61},
    isbn = {9788582150122}
}

@book{Janeiro2012,
    title = {{´ tica Aplicada Notas em Matem a}},
    year = {2012},
    author = {Janeiro, Rio De}
}

@book{Barcelos2011a,
    title = {{´ tica Aplicada Notas em Matem a Editores C ´ Maur ´ ılio Boaventura}},
    year = {2011},
    author = {Barcelos, A Zorzo and Andrade, Eliana X L De},
    volume = {52},
    isbn = {9788586883545}
}

@book{Barcelos2011b,
    title = {{´ tica Aplicada Notas em Matem a Editores C ´ Maur ´ ılio Boaventura}},
    year = {2011},
    author = {Barcelos, A Zorzo and Andrade, Eliana X L De},
    volume = {54},
    isbn = {9788586883569}
}

@article{Atica,
    title = {{¸ AO P OS-GRADUAC ¸ AO APLICADA C ODIGO NOTA A1}},
    author = {Atica, E M Matem}
}

@article{Rosa2005,
    title = {{¸ OES DIFERENCIAIS ORDIN ARIAS ˜ AOS SISTEMAS DIN AMICOS ˆ E INTRODUC ¸ AO}},
    year = {2005},
    author = {Rosa, Ricardo and Em, Mestrado and Atica, Matem},
    pages = {1--100}
}

@article{Karas2006,
    title = {{ˆ Geometria Anal ´ ıtica - C onicas Par abola ˜ C onicas}},
    year = {2006},
    author = {Karas, Elizabeth Wegner}
}

@article{Nunes2006a,
    title = {{ˆ mica de Populac ˜ es : Um Breve Hist o ´ rico Din a ¸ o}},
    year = {2006},
    author = {Nunes, Roney Rachide}
}

@article{Nunes2006,
    title = {{ˆ mica de Populac ˜ es : Um Breve Hist o ´ rico Din a ¸ o}},
    year = {2006},
    author = {Nunes, Roney Rachide}
}

@book{Santos2002b,
    title = {{˜ A ` ALGEBRA ¸ AO LINEAR}},
    year = {2002},
    author = {Santos, Reginaldo J},
    isbn = {8574700185}
}

@book{Santos2004,
    title = {{˜ A ` ALGEBRA ¸ AO LINEAR}},
    year = {2004},
    author = {Santos, Reginaldo J},
    isbn = {8574700185}
}

@article{Santos2006,
    title = {{˜ AS ` EQUAC INTRODUC ¸ AO ¸ OES DIFERENCIAIS ORDIN ARIAS}},
    year = {2006},
    author = {Santos, Reginaldo J}
}

@article{Tanscheit2003,
    title = {{˜ DE PRODU C ˜ AGR ´ ¸ AO ISTICAS E L OGICA FUZZY}},
    year = {2003},
    author = {Tanscheit, Ricardo},
    number = {2},
    volume = {14},
    keywords = {cocoa production, fuzzy, linguistic rules}
}

@book{2017a,
    title = {{病院・介護施設におけるノロウイルス感染症の拡大防止対策を 目的とした吐物の飛散状況に関する研究No Title}},
    year = {2017},
    booktitle = {感染症誌},
    author = {{林伸行}},
    pages = {399--404},
    volume = {91},
    isbn = {0121942708}
}

@book{2017,
    title = {{病院・介護施設におけるノロウイルス感染症の拡大防止対策を 目的とした吐物の飛散状況に関する研究No Title}},
    year = {2017},
    booktitle = {感染症誌},
    author = {{林伸行}},
    pages = {399--404},
    volume = {91},
    isbn = {8576480220}
}

@article{2003MODELOSDE,
    title = {{MODELOS DE GERENCIAMENTO DE RECURSOS H{\'{I}}DRICOS : MODELOS DE GERENCIAMENTO DE RECURSOS H{\'{I}}DRICOS : AN{\'{A}}LISES E PROPOSTA DE}},
    year = {2003}
}

@misc{Moderna_introducao_as_equacoes_diferenciais_-_richard_bronson.pdf,
    title = {{moderna{\_}introdu{\c{c}}{\~{a}}o{\_}{\`{a}}s{\_}equa{\c{c}}ões{\_}diferenciais{\_}-{\_}richard{\_}bronson.pdf}}
}

@article{Monitoring:,
    title = {{Monitoring and evaluation of water quality aims :}}
}

@article{NoTitle,
    title = {{No Title}}
}

@article{NoTitleb,
    title = {{No Title}}
}

@article{NoTitlec,
    title = {{No Title}}
}

@article{NoTitled,
    title = {{No Title}},
    number = {0}
}

@book{NoTitlee,
    title = {{No Title}},
    isbn = {8478387846}
}

@article{NoTitlef,
    title = {{No Title}}
}

@article{NoTitleg,
    title = {{No Title}}
}

@book{NoTitleh,
    title = {{No Title}},
    isbn = {8598171166}
}

@book{NoTitlei,
    title = {{No Title}},
    isbn = {8598171212}
}

@article{2004NoTitle,
    title = {{No Title}},
    year = {2004},
    volume = {I}
}

@article{2004NoTitleb,
    title = {{No Title}},
    year = {2004},
    volume = {II}
}

@article{NoTitlej,
    title = {{No Title}}
}

@article{2005NoTitle,
    title = {{No Title}},
    year = {2005},
    pages = {277--282}
}

@book{NoTitlek,
    title = {{No Title}},
    isbn = {0471319996}
}

@article{NoTitlel,
    title = {{No Title}}
}

@article{2011NoTitle,
    title = {{No Title}},
    year = {2011},
    pages = {1--5},
    volume = {7}
}

@article{2007NoTitle,
    title = {{No Title}},
    year = {2007}
}

@article{2010NoTitle,
    title = {{No Title}},
    year = {2010}
}

@article{2010NoTitleb,
    title = {{No Title}},
    year = {2010}
}

@article{NoTitlem,
    title = {{No Title}},
    url = {https://docs.google.com/document/d/1sdwfFpYaaREMEgaTDErRD5X-k4hA42Jtgd-Fi49wY1k/edit}
}

@article{No,
    title = {{No Title דוקטורט - גלית אגם}}
}

@misc{NumericalMATLAB,
    title = {{Numerical Analysis with MATLAB}},
    isbn = {0000000000000}
}

@article{Numeros,
    title = {{N{\'{u}}meros}},
    pages = {59--82}
}

@article{OMatrizes,
    title = {{O produto de matrizes}},
    pages = {45--72}
}

@article{Pesquisa,
    title = {{pesquisa}},
    url = {http://scholar.google.com.br/scholar?hl=pt-BR&as_sdt=0,5&q=divida+t%C3%A9cnica}
}

@article{PoligonosSorvete,
    title = {{Pol{\'{i}}gonos de palitos de sorvete}},
    pages = {83--141}
}

@misc{Problemas_de_Matematica_Discreta-Demonstracoes-uned.pdf,
    title = {{Problemas{\_}de{\_}Matematica{\_}Discreta-Demonstra{\c{c}}ões-uned.pdf}}
}

@incollection{ProdutoTensorial,
    title = {{Produto Tensorial}},
    keywords = {anticos individuais podem interagir, para formarem sistemas}
}

@misc{2009RevistaBiomatematica,
    title = {{Revista Biomatematica}},
    year = {2009}
}

@misc{Schaum_sMcGraw-Hill.pdf,
    title = {{Schaum{\_}s Outline Theory And Problems Vector Analysis Murray R.Spiegel (1959) McGraw-Hill.pdf}}
}

@article{1997SOBREAplicacoes,
    title = {{SOBRE SISTEMAS DIN{\^{A}}MICOS FUZZY Teoria e Aplica{\c{c}}ões La{\'{e}}cio Carvalho de Barros Teoria e Aplica{\c{c}}ões}},
    year = {1997}
}

@article{SubespacosAdjunto,
    title = {{Subespa{\c{c}}os Invariantes Operador Adjunto}},
    pages = {26--34}
}

@article{2000Sum,
    title = {{Sum ´}},
    year = {2000}
}

@misc{TrigonometryWW.pdf,
    title = {{Trigonometry Demystified - S. Gibilisco (2003) WW.pdf}}
}

@misc{TutorialApresentacao,
    title = {{Tutorial de Matlab ( UFMS ) - Apresenta{\c{c}}{\~{a}}o}}
}

@article{1940ValorizacaoCachoeira,
    title = {{Valoriza{\c{c}}{\~{a}}o do Rio Cachoeira}},
    year = {1940},
    pages = {1--5},
    volume = {1940}
}

@article{2006VINICIUAU,
    title = {{VIN{\'{I}}CIU FAGUNDES B{\'{A}}RBARA USO DO MODELO QUAL2E NO ESTUDO DA QUALIDADE DA {\'{A}}GUA E DA CAPACIDADE DE AUTODEPURA{\c{C}}{\~{A}}O DO RIO ARAGUARI - AP ( AMAZ{\^{O}}NIA ) Goi{\^{a}}nia / GO VIN{\'{I}}CIU FAGUNDES B{\'{A}}RBARA USO DO MODELO QUAL2E NO ESTUDO DA QUALIDADE DA {\'{A}}GUA E DA CAPACIDADE DE AU}},
    year = {2006}
}

@misc{Zadeh-1965.pdf,
    title = {{Zadeh-1965.pdf}}
}

@misc{Burden_Numerical_AnalysisBookZZ.org.pdf,
    title = {{[Burden]{\_}Numerical{\_}Analysis(BookZZ.org).pdf}}
}

@article{1,
    title = {{ q  1}}
}

@article{1b,
    title = {{ q  1}}
}

@article{1c,
    title = {{ q  1}}
}

@article{1d,
    title = {{ q  1}}
}

@article{1e,
    title = {{ q  1}}
}

@article{1f,
    title = {{ q  1}}
}

@article{1g,
    title = {{ q  1}}
}

@article{Q,
    title = {{ q   q}}
}